3070 4828
714 161 935 218 ..24-

236 332 493 420 praepositionis
509 350 602 400 nsum
617 330 846 399 memorabiles
862 330 1042 416 diligenter
1057 331 1203 415 collegit,
1228 331 1287 397 sed
1309 330 1418 397 etiam

239 441 363 526 Sitzler
379 439 412 506 in
429 437 706 506 commentatione
722 438 763 506 de
779 456 915 505 casuum
931 455 993 504 usu
1008 437 1106 508 Varr.
1126 436 1235 503 obiter
1251 436 1418 517 quaedam

241 546 370 632 tetigit,
394 549 657 629 peccaterum
679 563 765 611 nuno
789 544 918 610 addam.

331 653 373 720 In
396 655 575 735 conspectu
597 650 878 734 praepositionum
901 648 1156 733 compositarum
1173 650 1327 717 Schmalu
1344 649 1417 732 (Sy.

240 762 386 842 §152,2)
411 758 522 825 omisit
546 776 619 824 eam
642 777 672 839 q.
690 776 718 823 e.
743 761 935 828 incircum
957 757 1002 838 (V
1023 762 1063 820 25
1087 758 1119 824 A
1137 760 1244 842 puteis
1267 759 1420 844 oppidum

239 876 277 936 ut
298 868 428 935 Puteoli
458 868 542 946 quod
565 867 725 935 incircum
748 887 821 933 eum
844 866 947 932 lanum
969 887 1071 950 cquae
1094 867 1234 952 fripn'doe
1256 872 1286 932 et
1308 866 1420 933 unice

240 972 383 1057 multae),
417 989 502 1052 quae
528 976 705 1054 praeterea
732 988 797 1036 non
824 968 967 1037 inveniri
993 969 1126 1036 videtur
1153 973 1288 1051 praeter
1317 987 1421 1036 unum

242 1080 447 1164 digestorum
478 1077 584 1144 locum
615 1093 826 1143 aenaeum
858 1073 988 1155 quidem
1018 1074 1199 1159 integrum3
1232 1073 1290 1142 eir.
1313 1075 1421 1142 Hand

242 1185 337 1252 Ture.
363 1202 389 1251 s.
413 1202 445 1253 v.

330 1292 384 1358 De
399 1287 645 1373 praepositione
660 1291 751 1360 nd—
762 1312 882 1375 umens,
900 1307 984 1370 quae
1001 1288 1096 1356 deest
1112 1287 1199 1372 apud
1214 1286 1418 1372 Ciceronem,

242 1397 389 1470 Varroni
412 1395 590 1464 communis
614 1399 667 1464 est
692 1415 763 1465 cum
788 1395 948 1464 Sallustio
972 1400 1008 1463 et
1030 1394 1118 1462 Belli
1141 1392 1253 1461 Africi
1280 1397 1420 1462 auctore

242 1504 317 1591 (cir.
342 1502 503 1571 wolfflin.
528 1501 630 1570 Arch.
655 1503 708 1575 vi
732 1503 797 1588 99),
822 1502 898 1571 vide
921 1501 1205 1584 Keil.ad112,1
1230 1500 1419 1589 (et12o).

242 1612 292 1680 Ut
315 1609 375 1680 ΠΙ
399 1615 450 1684 5,9
481 1609 605 1694 legitur
627 1613 666 1680 u‘n
688 1633 804 1698 aprum
831 1632 955 1694 versus,
987 1608 1036 1675 sic
1063 1612 1102 1678 c'u
1129 1631 1281 1678 cacumen
1308 1631 1422 1678 ceraue

243 1719 278 1788 V
302 1722 379 1799 1153
412 1715 565 1783 similiter
588 1716 642 1786 VI
666 1723 684 1780 8
716 1719 759 1786 cd
787 1739 848 1786 noe
877 1738 1024 1800 versum·
1053 1717 1171 1782 contra
1194 1714 1266 1784 VH
1290 1718 1330 1778 41
1364 1717 1421 1784 ud-

245 1846 358 1894 uersus
381 1847 461 1894 cum.

725 2001 938 2013 emunt—

467 2229 510 2321 B.
536 2227 599 2320 De
629 2229 892 2322 enuntiatis
921 2227 1199 2346 compositis.

338 2406 529 2475 Enuntiata
553 2407 734 2492 composita
758 2426 829 2474 cum
854 2412 914 2474 aut
930 2410 1085 2475 constent
1099 2425 1142 2472 ex
1156 2405 1309 2490 partibus
1325 2405 1424 2488 aequi

249 2513 386 2589 ordinis,
410 2517 471 2579 aut
494 2512 546 2580 ita
570 2513 639 2581 sint
654 2518 857 2598 comparata,
882 2516 920 2580 ut
936 2513 1047 2580 altera
1061 2532 1139 2596 pars
1155 2512 1255 2580 alteri
1271 2511 1424 2579 subiecta

247 2620 303 2702 sit,
327 2619 394 2686 iam
418 2620 461 2687 ad
485 2620 660 2689 enuntiata
683 2620 778 2688 iuxta
800 2620 912 2705 posita
935 2620 1101 2688 accedam.

729 2837 942 2846 ————-———

744 3027 872 3112 Caput
894 3028 924 3095 Ι.

561 3151 617 3220 De
641 3149 848 3221 enuntiatis
874 3149 1117 3221 coordinatis.

341 3308 467 3378 Potero
481 3315 592 3379 autam
605 3310 690 3379 satis
702 3313 825 3379 habere
838 3313 878 3380 de
891 3331 931 3378 ea
944 3311 1202 3380 coordinationis
1210 3311 1316 3378 forma
1323 3312 1428 3381 verba

250 3416 381 3501 fecisse,
405 3417 440 3485 in
464 3438 530 3501 qua
553 3419 597 3487 ad
619 3420 722 3488 verba
737 3419 905 3504 iungenda
921 3418 1064 3502 scriptor
1078 3418 1253 3501 particulis
1268 3437 1333 3486 nou
1348 3436 1428 3486 usus

252 3527 315 3600 eet,
341 3523 493 3605 quoniam
516 3525 551 3592 in
573 3525 812 3609 particularum
835 3544 897 3593 usu
920 3524 1174 3611 diligentissime
1196 3527 1352 3594 versatus
1374 3529 1429 3592 est

251 3629 298 3696 H.
322 3628 442 3698 Reiter
465 3628 647 3720 (Quaestt.
670 3633 770 3704 Varr.
795 3629 968 3716 gramm').
1013 3632 1133 3699 Dicam
1156 3631 1260 3717 igitur
1281 3631 1317 3699 in

836 3831 888 3890 21.

525 3927 570 3996 de
593 3830 875 4015 asyndeti§usu
898 3931 1154 4003 Varroniano.

344 4052 552 4141 Quamquam
579 4054 641 4121 hoc
668 4055 740 4121 loeo
768 4055 809 4122 de
837 4055 1021 4123 enuntiatis
1049 4058 1181 4124 tantum
1210 4074 1312 4142 agere
1334 4055 1429 4125 nobis

252 4160 492 4243 proposuimus,
515 4164 638 4239 tamen,
662 4179 705 4227 ne
721 4160 843 4228 similia
863 4181 885 4227 a
908 4161 1069 4229 similibus
1093 4161 1190 4230 nimis
1214 4162 1429 4249 divellantur,

255 4265 357 4331 etiam
386 4264 427 4330 de
456 4265 567 4333 verbis
595 4265 735 4351 singulis
763 4265 835 4333 sine
864 4267 1092 4335 coniunctione
1120 4268 1311 4350 copulativa
1333 4269 1430 4336 iuxta

255 4369 377 4452 positis
400 4371 548 4438 breviter
571 4391 655 4454 quae
678 4371 819 4440 dicenda
843 4376 921 4440 sunt
943 4373 1154 4456 proferemus.
