3070 4828
589 164 810 224 ..35-

134 362 242 408 aarum
258 339 562 426 prospicientem
584 341 620 403 et
642 335 691 403 eis
714 335 796 403 loeis
812 334 867 417 qui
881 333 981 418 plane
996 334 1141 402 eiusdem
1156 335 1288 420 generis

133 449 197 511 sunt
217 447 253 512 Π
269 451 358 526 7,14;
382 444 442 510 III
459 450 544 526 9,15.
589 445 642 510 De
666 441 783 524 quibus
805 441 993 525 disputarit
1013 442 1175 509 Heidrioh
1190 440 1289 514 ‘Var-

133 548 249 617 ronian'
285 571 317 633 p.
351 555 392 616 10
417 568 479 632 sq.;
517 549 575 616 ofr.
607 549 709 616 etiam
741 547 832 616 Keil.
863 547 898 614 in
934 567 1046 615 domm.
1079 549 1123 615 ad
1151 551 1172 616 I
1203 556 1287 632 23‚3.

34 687 35 690 ¹
131 658 224 724 llinus
258 657 340 724 dura
373 659 544 722 structura
574 659 628 723 est
657 657 678 722 Ι
706 660 781 738 40,6
816 658 856 726 r'rr
886 676 1115 742 qaomouoaoroe
1145 660 1289 727 arborem

131 769 241 834 tasoras
257 817 264 832 .
282 817 289 832 .
309 817 316 832 .
333 767 382 833 o'to
403 767 545 832 r'rrserero
568 771 687 844 oportet
708 767 938 851 referentem
960 767 1002 832 od
1027 767 1186 851 fraretum,
1215 781 1288 830 aum

131 870 294 937 antecedat
329 869 514 937 infinitivus
545 868 637 936 ouius
667 889 726 952 pro
757 869 906 938 subieoto
938 869 1151 938 aecusativus
1183 869 1287 952 parti-

132 976 197 1058 cipii
217 975 324 1061 aooipi
348 975 465 1059 possit.

596 1121 806 1128 affl

312 1295 371 1362 De
395 1294 631 1362 enuntiatis
654 1295 847 1364 relativis
871 1293 902 1380 (ξ
927 1299 1082 1378 26-31).

652 1399 749 1488 §aa

202 1511 248 1578 Ut
276 1507 471 1576 Wblfflinus
502 1507 619 1596 (Aroh.
644 1509 697 1579 Vi
728 1507 804 1592 101)
835 1507 876 1576 de
903 1505 1015 1576 Asinii
1044 1509 1191 1576 Polionis
1222 1511 1286 1586 vel,

128 1619 157 1682 ut
183 1617 309 1684 cautius
341 1617 525 1698 loquamur,
555 1615 596 1682 de
624 1615 712 1681 Belli
736 1613 845 1682 Atrioi
872 1615 1019 1682 auctoris
1046 1633 1108 1682 usu
1135 1617 1286 1683 enuntia-

127 1724 220 1789 torum
241 1721 457 1790 relativorum
481 1722 645 1790 disserens
668 1721 883 1789 vehementer
911 1720 1082 1803 vituperat
1109 1723 1286 1807 neglegen-

127 1828 196 1894 tiam
223 1829 396 1912 soriptoris
424 1830 479 1911 qui
506 1847 737 1909 nonnunquam
766 1826 939 1894 enuntiato
969 1827 1112 1896 relativo
1144 1830 1287 1897 alterum

128 1937 320 2003 enuntiatum
350 1936 402 2003 ita
433 1937 593 2002 adnectat
623 1938 661 2001 ut
692 1952 734 2000 ex
764 1953 805 2000 ea
835 1951 919 2015 quae
950 1933 1077 2016 scripta
1108 1935 1155 2002 sit
1178 1935 1286 2003 forma

126 2043 309 2122 pronominis
332 2042 469 2111 relativi
491 2042 577 2109 alins
600 2059 698 2108 casus
722 2040 766 2107 ad
789 2040 931 2106 alteram
960 2040 1127 2108 enuntiati
1154 2047 1286 2123 partem

129 2150 357 2216 subaudiendus
381 2149 440 2216 sit:
470 2148 518 2216 sio
541 2149 666 2232 eadem,
690 2147 720 2214 si
742 2147 787 2213 ad
808 2148 993 2218 Varronem
1015 2148 1197 2232 rettuleris,
1221 2168 1287 2216 non

129 2254 218 2322 minus
241 2260 335 2324 reete
359 2255 519 2322 ditentur.

202 2361 266 2430 Sed
297 2364 381 2430 haee
413 2363 487 2446 ipsa
518 2379 621 2428 eausa
652 2361 740 2442 quod
767 2359 916 2428 ridemus
946 2362 1120 2442 utrumque
1150 2361 1185 2429 in
1217 2361 1287 2429 'usta

129 2470 282 2536 structura
307 2468 516 2535 admittenda
539 2467 603 2534 sibi
625 2467 812 2552 indulgere,
837 2485 875 2533 eo
898 2484 958 2534 nos
982 2467 1127 2535 adducet
1149 2487 1191 2534 ne
1213 2487 1286 2552 per·

127 2590 240 2642 uersum
270 2575 427 2642 iudicium
457 2574 617 2658 ieramus,
647 2593 719 2640 oum
752 2573 902 2640 oonolndi
924 2573 999 2640 inde
1023 2573 1127 2641 lioeat
1150 2594 1215 2642 non
1236 2575 1286 2642 in-

128 2681 259 2749 auditam
282 2699 388 2763 neque
412 2680 495 2748 adeo
517 2699 628 2747 raram
652 2698 724 2746 eam
747 2680 850 2746 fuisse
878 2679 913 2747 in
936 2699 1085 2748 sermone
1107 2682 1284 2749 cotidiano.

128 2784 219 2870 Quid?
241 2788 327 2872 quod
350 2806 392 2854 us
415 2786 532 2855 Cicero
553 2786 683 2868 quidem
699 2790 796 2853 -ut
812 2790 941 2853 eeteros
956 2787 1226 2870 praetermittam
1242 2825 1285 2836 —

128 2891 269 2961 eiusmodi
292 2893 508 2979 neglegentia
531 2912 567 2960 se
590 2893 765 2971 abstinuit,
790 2894 936 2961 sednon
959 2895 1063 2974 solum
1083 2895 1170 2961 hano
1185 2895 1285 2962 lieen-

128 2998 198 3068 tian
220 3001 283 3068 sibi
306 3001 416 3075 sumit,
441 3018 555 3069 verum
579 3000 682 3067 etiam
705 3000 798 3067 illam
820 3004 858 3067 ut
881 3018 923 3066 ex
946 3001 1119 3068 enuntiato
1135 3001 1285 3084 =relativo

126 3102 154 3170 in
174 3106 465 3176 demonstrativum
487 3106 685 3195 transeat1).

199 3215 272 3282 Iam
307 3213 521 3286 varroniana
560 3213 711 3296 exempla
749 3217 787 3279 ut
824 3233 883 3296 per
919 3231 1042 3297 genera
1078 3213 1284 3298 distribuam,

125 3318 228 3397 moris
256 3321 389 3406 generis
417 3325 495 3387 sunt
523 3319 558 3386 hi
585 3319 662 3387 loei:
698 3320 756 3387 IX
785 3326 801 3384 7
831 3344 912 3406 qaae
933 3329 1073 3401 porroet
1099 3323 1165 3390 diet
1191 3329 1286 3407 obque

125 3427 183 3495 illie
204 3431 362 3514 praeterii
393 3432 427 3494 et
450 3428 470 3493 Ι
495 3433 545 3512 1,7
573 3431 613 3497 r'rr
640 3430 713 3513 pots
739 3448 820 3509 quae
841 3449 911 3496 more
933 3430 1068 3496 damnat
1091 3435 1120 3496 et
1142 3447 1284 3514 baumes,

127 3532 230 3610 quibus
262 3553 304 3601 ex
333 3533 534 3616 pronominis
563 3533 768 3602 nominativo
795 3555 876 3620 quoe
905 3532 1089 3602 accusativi
1119 3533 1210 3600 notio
1242 3536 1286 3602 ad

127 3638 253 3707 altorum
282 3641 417 3707 verbnm
441 3639 674 3707 transferenda
698 3638 799 3726 θεῖ’),
825 3658 897 3705 oum
924 3657 966 3706 ex
993 3640 1184 3708 accusativo
1208 3661 1281 3728 pro·

187 3869 209 3938 1)
227 3868 270 3924 De
295 3867 348 3922 lrao
360 3882 391 3922 ro
410 3872 440 3922 et
458 3867 492 3923 de
506 3865 685 3935 sequentibus
704 3867 753 3923 eir.
773 3865 873 3938 Reisig
889 3883 952 3938 pag.
973 3870 1024 3924 111
1043 3875 1101 3926 not.
1115 3872 1182 3939 3⁷³3
1194 3871 1284 3926 Kllhn.

123 3967 144 4020 11.
162 3955 223 4025 8743
250 3955 377 4011 Sahmaln
397 3955 442 4022 sy.
469 3955 485 4028 ξ
511 3959 571 4012 246.
607 3957 758 4025 Parpsram
781 3956 910 4012 Kllhnast
927 3956 988 4014 Liv.
1007 3957 1086 4027 Synt.
1109 3975 1135 4027 p.
1155 3960 1190 4014 68
1215 3965 1284 4015 extr.

124 4040 174 4109 (afr.
192 4062 217 4114 p.
237 4046 288 4100 195
313 4044 394 4115 med.)
414 4049 583 4100 structuram
602 4061 618 4101 a
637 4046 744 4101 (trabea
762 4044 915 4115 promotam
934 4061 995 4102 esse
1015 4045 1167 4101 contendit.

185 4133 205 4205 ¹)
224 4133 318 4190 Gateri
342 4138 470 4190 auctores
495 4150 528 4189 oa
551 4149 582 4190 re
605 4132 737 4189 differunt
761 4152 778 4190 a
801 4134 938 4202 Varrone,
958 4133 1029 4203 quod
1047 4133 1121 4202 apud
1140 4148 1201 4200 eos,
1222 4148 1284 4189 oum

123 4231 167 4275 uon
183 4220 223 4278 ita
240 4237 305 4278 raro
325 4237 359 4278 ex
376 4221 544 4293 pronominis
562 4220 674 4280 relativi
692 4238 755 4294 gen.
769 4223 824 4278 dat.
839 4223 893 4278 abl.
911 4220 1108 4291 intelligendus
1128 4221 1166 4277 sit
1178 4222 1280 4280 nomin.

125 4313 283 4379 rutardus,
301 4309 443 4368 rarissime
462 4316 572 4367 tantum
591 4326 625 4367 ex
641 4310 810 4367 nominativo
830 4311 964 4365 transitur
982 4309 1018 4363 ad
1037 4308 1190 4366 accusativi
1210 4311 1284 4365 noti-

125 4409 199 4454 onem.
234 4399 290 4456 Ubi
309 4404 403 4455 autam
420 4399 529 4469 aedidit,
549 4414 582 4456 ea
601 4399 701 4456 saltam
723 4414 754 4454 re
772 4396 888 4452 durities
909 4394 1104 4462 quodammodo
1125 4396 1281 4465 mitigatur,

1083 4496 1121 4552 8*
