3070 4828
603 231 824 288 ..11-

133 410 162 472 ot
184 401 337 485 urutro¹);
361 403 381 469 Ι
398 407 426 485 7,
442 407 460 465 4
477 405 524 471 sol
544 426 582 472 uc
604 405 686 472 luuu
708 409 850 488 coquunt
864 400 1051 484 (secundum
1067 421 1189 470 morem
1212 404 1298 470 anti·

131 525 267 590 quorum
297 508 347 576 sol
377 513 413 576 et
442 508 522 576 luna
551 526 611 591 pro
642 506 712 576 deis
736 507 843 590 accipi
866 512 1026 590 possunt).
1072 510 1157 578 Mire
1187 515 1300 576 autem

133 614 310 682 coniuncta
326 618 380 682 est
395 613 573 700 singularis
588 612 790 698 pluralisque
806 617 976 682 structura
991 616 1052 681 hoc
1066 615 1138 683 loco
1150 617 1242 687 VIII
1258 623 1275 682 7
1280 624 1298 680 6

131 728 154 804 (.
170 773 176 786 .
192 775 198 786 .
216 729 254 792 ut
268 724 352 792 ullus
371 725 477 792 aaut
490 725 667 792 suendum
681 725 867 807 amium,
891 723 1044 792 ...ullus
1058 730 1095 792 ut
1109 726 1173 792 cluo
1190 726 1301 810 primu

132 831 239 900 absim
263 877 269 891 ·
289 875 320 892 ·.
344 830 429 898 oliuo
462 836 500 897 ul
527 831 674 915 patmum
707 836 738 898 el
770 831 901 898 tertium
934 826 1038 913 desit.)
1091 828 1180 895 Nam
1213 827 1301 911 apud

134 933 283 1017 quemvis
306 933 408 1001 alium
431 938 599 1002 auctorem
614 933 645 1001 si
658 934 742 1001 haec
757 934 950 1018 legeremus,
974 936 1087 1000 nostro
1109 933 1180 1001 iure
1202 932 1301 1001 offen·

135 1040 286 1108 daremus
309 1039 345 1106 in
367 1038 527 1107 eiusmodi
542 1040 718 1119 varietate,
743 1058 828 1122 quae
844 1039 1005 1111 Varronis
1021 1039 1150 1123 quidem
1168 1038 1300 1124 ingenio

133 1145 254 1229 optima
278 1143 470 1228 convenite.

223 1253 291 1320 llos
315 1257 427 1320 autem
443 1253 542 1335 locos,
567 1251 683 1335 quibus
698 1252 927 1337 praedicatum
941 1252 975 1320 in
992 1252 1153 1338 singulari
1167 1271 1301 1320 numero

133 1359 279 1443 ponitur,
302 1377 367 1426 non
384 1376 495 1426 omnes
511 1377 681 1437 enumer03
704 1359 816 1443 paullo
831 1364 944 1427 autem
960 1359 1103 1444 saepius,
1127 1359 1192 1427 nisi
1206 1377 1302 1441 quem

132 1468 238 1533 locum
260 1464 481 1549 praetermisi,
506 1464 677 1533 antecedit
700 1467 835 1535 verbum
858 1485 1026 1535 commuue
1040 1482 1139 1548 quum
1153 1465 1304 1549 sequitur

133 1573 195 1640 duo
228 1571 380 1639 subiecta
403 1575 437 1658 (5
453 1597 460 1635 ι
474 1570 519 1660 8),
544 1571 594 1639 ita
626 1570 756 1654 quidem
778 1576 826 1657 ut,
858 1573 887 1640 si
916 1572 1146 1657 praedicatum
1168 1573 1302 1638 constat

137 1683 200 1745 aut
223 1697 265 1746 ex
287 1679 388 1747 verbo
412 1677 626 1747 substantivo
650 1681 685 1745 et
709 1677 873 1749 adioctlvo
897 1683 956 1746 aut
979 1679 1048 1746 solo
1072 1697 1114 1745 ex
1136 1675 1302 1745 adiectivo

133 1789 224 1868 (nam
247 1783 288 1853 de
312 1785 435 1853 omissa
468 1786 584 1870 copula
616 1804 717 1868 supra
749 1783 911 1867 diximus),
944 1784 1145 1855 adiectivum
1167 1801 1240 1850 cum
1263 1801 1301 1848 eo

132 1891 264 1959 nomine
287 1895 451 1976 congruat
474 1890 559 1975 quod
581 1891 715 1975 propius
737 1891 882 1974 positum
909 1895 962 1962 est
990 1893 1089 1977 (15,1
1115 1893 1199 1980 quod
1226 1899 1303 1960 essu

132 2002 256 2070 initum
280 1996 437 2086 utfinis).

225 2105 314 2172 Item
338 2105 386 2173 eis
402 2104 483 2172 locis
499 2105 617 2188 quibus
633 2104 847 2188 amplectitur
868 2105 1051 2174 subiectum
1073 2105 1136 2172 duo
1159 2102 1214 2173 vel
1228 2101 1302 2185 plus

136 2214 199 2280 duo
234 2211 448 2280 substantiva
481 2231 546 2279 non
584 2211 693 2280 omuia
723 2211 835 2280 eodem
865 2211 900 2279 iu
930 2229 1063 2278 numero
1093 2214 1153 2277 aut
1181 2226 1303 2295 genere

137 2317 259 2402 posita,
290 2317 477 2401 praedicati
507 2336 659 2386 numerus
689 2322 736 2402 (at
766 2317 822 2384 ubi
851 2317 982 2402 generis
1006 2315 1179 2384 discmmen
1201 2314 1303 2382 inter-

137 2423 236 2507 cedit,
271 2423 374 2491 etiam
405 2426 522 2509 genus)
553 2444 625 2491 cum
657 2444 698 2492 ea
729 2423 869 2492 subiecti
902 2427 999 2507 parte
1033 2422 1185 2508 congruit
1219 2439 1304 2504 quae

135 2529 260 2598 minora
283 2529 463 2600 intervallo
495 2532 538 2598 ab
567 2530 639 2614 ipso
670 2530 862 2613 praedicato
886 2529 1007 2610 distat,
1038 2529 1110 2597 siue
1133 2527 1304 2595 antecedit

135 2639 269 2707 verbum
300 2636 370 2707 sive
398 2640 474 2720 post
503 2637 654 2704 subiecta
681 2637 823 2720 positum
848 2639 915 2720 est,
946 2635 1305 2714 uelut113‚dlutera

136 2754 165 2815 et
187 2768 348 2887 meatuum
369 2746 585 2829 modicorum·
607 2745 640 2814 V
659 2750 720 2808 104
740 2746 830 2814 Hluc
852 2745 1027 2814 declinatur
1049 2744 1160 2830 fruges
1182 2749 1211 2810 et
1233 2743 1304 2827 fru-

134 2854 354 3025 mmmm
387 2953 576 3039 praedicati
605 2973 709 3040 genus
744 2953 871 3024 definiri
906 2955 1039 3023 duorum
1073 2952 1304 3035 subiectorum,

136 3121 348 3130 ...—-—--—-..-

232 3202 462 3275 ¹)Proecodento
480 3202 640 3273 praedicato
653 3202 750 3260 Cicero
769 3203 821 3258 huc
838 3202 928 3259 forma
945 3218 1000 3257 non
1017 3216 1084 3256 usus
1102 3205 1155 3271 ast,
1173 3201 1224 3256 cfr.
1237 3199 1305 3254 Aur

138 3309 164 3362 p.
184 3295 202 3348 4
221 3309 235 3349 c
256 3293 282 3364 1)
301 3318 343 3354 ω
362 3307 388 3360 p.
403 3293 436 3346 11
454 3291 518 3361 cll.
549 3291 720 3348 Varroniano
738 3291 798 3347 loco
810 3299 968 3360 propteroa,
987 3289 1058 3358 quod
1073 3288 1148 3361 sulec
1167 3293 1193 3345 et
1209 3292 1305 3342 aratro

143 3379 223 3449 quusi
247 3395 296 3450 pro
321 3380 509 3435 iustumeutis
533 3381 643 3434 rusticis
667 3378 771 3434 dietum
796 3384 854 3446 ast,
881 3376 997 3448 pluralis
1018 3392 1147 3434 numurus
1171 3374 1307 3446 singulari

142 3468 254 3526 videtur
272 3483 290 3523 u
307 3466 442 3535 scriptore
460 3466 634 3535 praepositus
653 3482 722 3522 essa

233 3555 254 3622 ⁸)
273 3553 395 3611 Tantum
406 3570 461 3610 uon
473 3555 555 3624 plane
568 3553 663 3610 eudem
674 3554 783 3610 ratione
793 3553 863 3609 duos
879 3557 1037 3610 structuras
1048 3552 1123 3608 intur
1137 3568 1167 3608 se
1180 3551 1307 3608 commix-

140 3651 187 3699 tas
202 3647 268 3699 sunt
280 3643 320 3698 IX
333 3645 369 3698 92
381 3642 416 3698 ub
428 3641 522 3714 aliqua
534 3643 678 3698 coniuncta
690 3643 718 3699 υἱ
728 3647 756 3699 et
768 3646 903 3714 poteeute
920 3658 992 3713 quae
1009 3652 1034 3696 et
1052 3640 1138 3698 oculu
1156 3645 1184 3697 et
1193 3640 1307 3698 auribus

138 3730 224 3786 luere
242 3730 350 3787 roleum
369 3730 469 3804 [soleat
483 3730 593 3803 Aldus]¹

233 3821 256 3891 ³)
275 3821 403 3878 conferri
425 3825 543 3891 possunt
567 3821 594 3876 si
616 3820 670 3877 loci
695 3819 793 3889 quibus
817 3819 983 3876 udiactivuur
1007 3819 1171 3877 attributum
1193 3819 1229 3875 ad
1253 3820 1306 3876 duo

140 3907 316 3967 substantiva
334 3909 459 3979 partinet
476 3910 555 3967 uolut
573 3910 617 3964 III
630 3912 654 3978 l,
674 3911 690 3965 9
704 3926 761 3981 pro
780 3913 877 3964 norbo
895 3908 1029 3965 claudere
1047 3913 1074 3965 et
1085 3926 1187 3975 umore,
1206 3909 1233 3962 11
1246 3908 1271 3977 b,
1291 3908 1306 3962 l

136 4014 226 4053 meum
245 3998 350 4054 corium
369 4002 395 4054 et
410 3999 504 4070 fluqra
524 3996 585 4070 [cfr.
605 4001 699 4053 tumen
716 3997 837 4053 Keilium
855 3997 910 4068 qui,
930 4003 962 4053 ut
978 4015 1081 4054 mecum
1100 3996 1254 4062 scribatur,
1278 3993 1309 4050 in

138 4085 337 4143 commenturIo
359 4086 513 4158 proponitJ,
538 4091 591 4142 sut.
610 4085 645 4143 fr.
664 4088 717 4142 417
741 4086 818 4141 nulla
841 4085 979 4142 ambrosia
1004 4102 1037 4140 ae
1061 4090 1164 4152 metor,
1189 4082 1223 4137 da
1246 4080 1308 4137 vitu

136 4174 168 4231 P.
181 4175 214 4231 R.
229 4190 272 4244 up.
285 4173 346 4230 Nou
361 4178 446 4244 1521„
460 4177 597 4242 at494‚1u‚
610 4173 721 4232 inverso
735 4175 830 4232 ordino
842 4174 907 4231 ibid.
920 4190 947 4244 p.
960 4175 1048 4242 5321„
1062 4173 1117 4228 viru
1127 4170 1307 4243 mulieresque

140 4262 281 4319 Romanae
301 4263 416 4336 [Romae
435 4262 501 4321 Luc.
520 4263 629 4333 Mbller,
649 4264 727 4320 cuius
745 4262 908 4319 mutationis
927 4276 1037 4317 oausam
1055 4275 1110 4315 nou
1127 4257 1228 4329 video].
1264 4257 1307 4316 Do

138 4351 192 4407 buc
222 4351 360 4408 brevitate
391 4351 425 4408 ab
456 4351 674 4422 elegantioribus
713 4351 893 4425 scriptoribus
930 4350 1091 4420 plerumque
1121 4347 1228 4405 evitata
1257 4345 1306 4403 oft.

137 4439 311 4497 Wbldlinum
329 4439 365 4496 ad
382 4439 451 4498 Boll.
471 4440 530 4498 Alr.
550 4443 574 4499 5.
