3070 4828
728 156 944 216 ..44-

247 331 376 412 busque
410 327 520 412 potius
555 333 729 410 exspectes
764 329 966 397 sententiam
1000 329 1055 398 vel
1083 326 1340 395 condicionalem
1368 327 1440 394 vel

253 435 414 504 eiusmodi
437 433 575 502 similem
599 435 654 520 (dc
678 453 740 516 qno
763 455 825 503 usu
848 437 906 504 cfr.
923 436 1065 504 Klllrner
1087 455 1117 518 p.
1135 440 1208 519 849,
1236 433 1305 521 12);
1329 433 1440 502 uelut

252 543 282 610 Ι
307 549 347 607 63
372 545 428 612 sub
462 550 549 613 terro
582 545 639 624 qui
672 545 788 614 habeut
814 548 1016 632 frumentum
1049 547 1088 614 irc
1120 545 1164 612 iis
1198 565 1276 628 quos
1309 549 1441 611 uocaret

212 723 215 728 ,
249 653 386 720 sirus..
405 703 428 735 .,
468 652 635 734 aliquanto
672 658 745 734 post
778 675 925 738 promere
961 672 1057 733 quom
1091 651 1257 736 operueris
1291 655 1438 732 cumei.

248 756 365 837 Neque
396 754 483 822 enim
513 755 547 820 in
579 754 690 822 uerbis
722 759 779 840 qui
809 760 926 828 habers
955 761 1019 824 etc.
1051 755 1236 822 subiectum
1267 752 1441 821 infinitivi

249 861 412 928 contineri
440 880 482 928 ex
508 880 540 930 v.
565 866 766 948 operueris
788 866 939 946 apparet.
984 863 1040 931 Sic
1062 862 1134 934 ΙΙΙ
1158 866 1199 924 93
1231 863 1344 943 cauus
1372 883 1440 928 res

248 977 317 1039 erut
343 971 383 1039 irc
411 971 641 1053 controuersia,
670 992 707 1039 eo
729 973 899 1040 uocobotur
927 973 986 1055 lte·
1013 969 1034 1036 Ι
1057 971 1131 1052 20,3
1155 991 1258 1054 raeque
1277 969 1437 1052 pertina-

249 1080 327 1145 citer
360 1095 452 1157 quem
485 1078 599 1163 feceris
625 1078 788 1157 deutrum,
823 1081 863 1147 irc
890 1101 924 1146 eo
951 1078 1166 1160 curaecium
1199 1073 1220 1140 I
1249 1079 1322 1155 27,2
1352 1097 1439 1142 vere

248 1186 390 1254 sotioms
412 1203 492 1264 quoe
509 1183 613 1267 fiunt,
637 1190 758 1252 terrori
779 1187 893 1253 rudera
909 1187 1118 1266 proseiuuicre
1140 1189 1260 1268 oporiet
1282 1184 1344 1246 etc.

340 1289 483 1356 Praeter
506 1293 618 1355 cetera
641 1307 720 1358 vero
743 1291 828 1357 hunc
852 1309 946 1358 usum
968 1289 1071 1372 premi
1094 1287 1268 1363 voluerim,
1293 1305 1355 1368 quo
1381 1286 1436 1353 ad

249 1397 379 1478 partem
403 1395 507 1461 solum
531 1413 643 1464 earum
665 1414 793 1480 rerum,
818 1416 903 1479 quae
926 1396 961 1464 in
984 1395 1158 1464 enuntiato
1180 1383 1323 1462 relativo
1339 1412 1437 1460 com·
1514 1473 1515 1476 Ἴ

251 1505 454 1569 memoratae
485 1505 577 1578 sunt,
609 1501 644 1568 in
673 1503 887 1584 sequentibus
911 1503 1021 1573 verbis
1045 1503 1116 1572 sive
1140 1501 1329 1585 pronomine
1352 1500 1436 1569 sive

252 1608 359 1676 altaro
391 1607 565 1675 enuntiato
593 1608 735 1677 relativo
766 1610 943 1693 respicitur
958 1609 1001 1694 1);
1035 1610 1092 1676 cfr.
1120 1607 1211 1676 Keil.
1235 1608 1278 1674 ad
1306 1608 1325 1674 I
1349 1613 1435 1694 37‚3

255 1713 310 1780 ubi
333 1713 389 1795 qui
411 1713 476 1780 loci
498 1714 629 1781 laudati
650 1721 739 1800 sunt,
763 1716 811 1784 eis
827 1717 924 1784 multi
939 1720 1077 1800 possunt
1093 1714 1180 1799 addi,
1205 1714 1435 1796 velut145‚2

250 1840 345 1902 quoe
372 1824 412 1891 irc
435 1823 609 1892 seminario
632 1831 728 1908 uoto,
752 1827 782 1893 si
805 1827 873 1894 loco
895 1833 992 1895 eruci
1014 1827 1197 1912 fripiolioro,
1221 1842 1315 1904 quoe
1336 1824 1438 1890 molle·
1514 1847 1515 1850 ¹

250 1936 374 1998 aurora
396 1936 488 2013 suut,
512 1953 573 2015 per
596 1933 756 2001 mamutio
778 1941 918 2019 temporo
941 1941 1041 2020 tepere
1063 1938 1182 2017 oportet
1204 1932 1282 2010 etc.;
1305 1928 1325 1994 I
1349 1932 1434 2005 69,1

251 2037 356 2118 Quae
370 2037 544 2122 cadeudo,
561 2038 734 2106 musaeum
749 2058 844 2120 quoe
859 2061 981 2125 quoque
996 2047 1133 2119 ternpore
1148 2043 1288 2123 oporteat
1296 2039 1437 2122 prouti;

251 2140 309 2207 IX
344 2146 405 2205 112
438 2144 513 2225 Qui
541 2146 697 2213 dicii...
722 2168 790 2216 uera
820 2153 907 2215 uter
926 2153 1044 2230 peccet,
1068 2146 1151 2213 tollit
1172 2145 1348 2229 euolopios,
1371 2145 1437 2212 seu

251 2256 324 2316 uter
345 2256 428 2317 recte
450 2252 538 2334 dicit,
563 2252 744 2336 coufirmat.
768 2289 812 2300 -
835 2252 874 2318 H
900 2256 972 2335 11‚3
997 2254 1081 2322 cosei
1096 2251 1265 2336 quiflurct,
1289 2249 1435 2318 maximi

253 2357 314 2423 cibi
336 2362 415 2423 suut
448 2357 574 2440 buluir
606 2355 685 2422 ibid.
717 2355 737 2443 ξ
763 2364 780 2421 6
805 2361 870 2442 Qui
900 2360 1033 2446 osporci
1062 2359 1163 2427 soleui
1193 2358 1283 2440 sous,
1315 2354 1437 2423 rueiior
1514 2345 1515 2420 J

252 2463 374 2548 fossilis
402 2482 498 2544 quom
525 2465 695 2548 muriuus;
722 2465 756 2535 V
781 2469 842 2529 103
867 2468 956 2549 Quae
977 2469 1016 2534 irc
1040 2467 1120 2533 ortis
1141 2469 1334 2545 aoscuutur,
1358 2463 1437 2530 ulia
1514 2477 1515 2490 *

247 2568 431 2654 praeprimis
463 2571 622 2638 uocabulis
655 2579 693 2639 ut
722 2575 847 2659 praecis
883 2573 1027 2640 Ocimuuu
1058 2575 1121 2638 etc.
1154 2568 1249 2651 (Voci
1279 2570 1360 2637 olio
1392 2566 1436 2634 in
1514 2571 1515 2578 ’

255 2682 270 2752 5
299 2678 361 2737 104
385 2673 489 2740 solum
504 2676 699 2743 vocabulum
719 2679 901 2747 Vernacula
915 2676 1141 2760 inscriptionis
1157 2675 1268 2743 instar
1283 2672 1435 2756 positum
1514 2657 1515 2678 ¹

253 2780 459 2864 respondem
491 2781 544 2852 VI
568 2788 609 2847 34
643 2785 696 2852 Ae
724 2786 782 2853 aas
811 2788 868 2871 qut
897 2787 1016 2871 aaut,
1039 2788 1135 2872 petor
1157 2807 1178 2854 a
1197 2785 1348 2871 persepe
1369 2782 1435 2850 eea
1514 2867 1515 2870 Ν

255 2889 440 2959 Iouuorius
462 2891 836 2976 appellocommunia
859 2896 923 2958 etc.
1030 2911 1033 2918 ’
1514 2887 1515 2892 ’

836 3038 887 3096 29.
1514 3089 1515 3102 χ

341 3135 395 3203 ΒΘ
429 3135 628 3220 pronominis
662 3037 811 3207 relativig
829 3157 890 3207 usu
925 3139 1110 3208 dicentibus
1141 3137 1173 3205 ei
1203 3154 1330 3220 quoquc
1362 3135 1434 3202 loci
1514 3103 1515 3172 i

252 3243 411 3312 laudandi
434 3249 522 3328 sunt,
553 3242 670 3327 quibus
692 3245 891 3327 pronominis
913 3245 1050 3314 relativi
1072 3262 1225 3312 numerus
1249 3240 1431 3327 singularis

345 3421 366 3488 1)
386 3417 464 3486 Quae
483 3419 572 3490 igitur
590 3419 619 3475 in
638 3419 783 3476 enuntiato
801 3421 920 3478 relativo
939 3421 1125 3489 continentur,
1144 3435 1178 3476 ea
1195 3418 1251 3474 iam
1270 3415 1434 3473 accuratius

254 3507 422 3564 deliniuntur
439 3508 489 3578 ito,
507 3517 540 3563 ut
558 3508 583 3565 is
601 3509 744 3578 terminus,
765 3509 812 3578 qui
830 3510 1038 3580 angustioribus
1057 3508 1191 3565 limitibus
1205 3504 1433 3574 circumscriptus
1514 3519 1515 3584 5

254 3603 306 3664 est,
325 3597 385 3652 sine
405 3597 462 3652 ulla
481 3598 579 3666 copula
598 3603 762 3668 apponatur,
782 3597 910 3654 similiter
930 3615 962 3653 sc
980 3597 1069 3654 Varro
1089 3613 1124 3654 cx
1142 3597 1239 3653 eodem
1257 3595 1341 3652 verbo
1358 3593 1432 3649 (luas
1514 3635 1515 3646 ,

254 3683 474 3755 praepositiones
498 3687 667 3754 suspendere
685 3687 811 3744 clamat:
834 3687 884 3742 cfr.
902 3686 975 3743 Keil.
1001 3687 1036 3742 ad
1055 3688 1084 3742 II
1107 3685 1195 3755 praei.
1215 3687 1244 3753 5,
1269 3683 1316 3739 nbi
1338 3697 1433 3751 pauca
1514 3741 1515 3748 χ

255 3771 392 3829 eiusmodi
411 3773 536 3842 exempla
554 3781 688 3845 congesta
707 3780 787 3844 sunt;
806 3775 873 3832 itam
892 3781 1000 3845 tempus
1019 3775 1125 3831 dnobus
1137 3772 1278 3832 vocabulis
1291 3771 1431 3841 delinitur,
1514 3795 1515 3808 Ι

254 3861 332 3932 prius
354 3862 481 3932 generali
498 3863 591 3932 verbo,
610 3863 707 3920 deinde
723 3866 889 3934 accuratius,
908 3864 948 3921 Vl
964 3867 996 3920 13
1015 3880 1047 3920 eo
1063 3864 1107 3919 die
1126 3864 1196 3919 enim
1215 3863 1287 3918 ludis
1304 3865 1431 3917 currunt.

260 3951 381 4008 Prorsus
400 3951 497 4008 eadem
516 3952 624 4008 dicendi
641 3953 715 4009 rstio
733 3954 814 4010 huius
836 3954 891 4010 loci
914 3958 958 4010 est
975 3953 1006 4008 II
1024 3954 1068 4022 3,9
1087 3953 1238 4024 (numerus)
1256 3953 1285 4006 iu
1302 3949 1435 4021 precibus
1514 3941 1515 3944 '

254 4047 296 4097 cst
312 4042 403 4097 minor
421 4041 536 4114 caprino
555 4057 636 4112 quum
653 4043 684 4096 iu
702 4041 799 4108 ouillo;
821 4042 897 4110 item,
917 4042 1014 4111 quibus
1033 4042 1102 4097 locis
1120 4040 1216 4110 agitur
1234 4040 1269 4095 (le
1280 4037 1352 4094 binis
1366 4037 1430 4093 sub·

253 4129 352 4198 iestis,
377 4131 404 4184 ll
422 4133 466 4198 4,2
485 4131 576 4201 itaque
595 4146 720 4203 proauos
739 4146 772 4184 ac
790 4132 949 4201 superiores
967 4131 1001 4186 de
1017 4129 1167 4186 Tremeliir's
1179 4144 1258 4184 nemo
1271 4126 1430 4200 appellatus

254 4216 358 4289 Scrofa
363 4237 374 4284 ;
392 4219 483 4288 114‚9
502 4218 618 4290 ..quod
635 4219 794 4290 nuptiarum
811 4219 888 4274 initio
907 4221 1013 4292 eosqui
1030 4237 1111 4291 repes
1129 4236 1163 4274 ue
1181 4217 1309 4275 sublimes
1327 4216 1381 4271 oiri
1398 4216 1429 4270 iu

254 4305 371 4360 Etruria
394 4307 424 4360 iu
447 4308 635 4364 coniunctione
663 4306 782 4378 nuptiali
803 4323 873 4362 roua
901 4315 987 4380 raupta
1010 4313 1145 4364 ct'ruoous
1172 4308 1287 4363 moritus
1306 4305 1429 4379 primum

253 4409 369 4465 porcum
386 4394 529 4452 immolarat.
