3070 4828
613 183 833 244 -g5..

132 358 215 424 sunt
231 353 450 440 praeterere.
468 355 566 423 (laec.
586 361 681 440 20‚57
700 355 791 443 (Noe
813 359 899 428 calm
922 361 990 428 olio
1013 383 1111 429 causo
1133 368 1178 429 cst
1200 365 1308 448 oequi-

13 441 14 482 ³
134 465 215 534 tutis
248 466 287 534 in
321 485 388 533 uoco
421 487 511 533 servo
542 467 636 535 etim
660 463 836 552 pluribus),
860 461 923 532 Off.
945 465 985 532 H
1011 471 1116 550 1s,ca,
1141 466 1232 534 Cael.
1257 487 1310 552 ap·

137 569 208 638 cic.
231 570 322 636 Fam.
348 568 439 640 VIII
469 574 519 649 1,3
545 568 618 655 (cir.
645 569 745 653 Opitu
776 589 883 656 progr.
906 570 1047 640 Naumb.
1076 577 1158 638 1879
1193 594 1225 657 p.
1252 572 1307 660 12)

136 676 242 744 etiam
264 696 286 743 a
309 678 461 748 Varrone
483 676 523 743 H
544 676 649 760 prael.
675 683 695 740 4
718 680 805 749 ulios
827 680 914 750 enim
944 681 1039 767 opilio
1070 689 1099 750 et
1127 687 1238 750 orator
1261 677 1309 770 [in

137 784 211 851 edd.
235 786 320 853 vett.
345 782 510 866 scriptura
535 803 600 852 non
622 790 714 853 recte
738 803 895 869 expressa
919 783 1017 875 erat].

225 890 400 958 Particule
422 915 520 980 mcum
542 891 630 976 opud
659 893 817 975 probatos
848 892 1026 976 scriptores
1057 912 1122 961 nou
1152 895 1308 977 suspendi

137 997 261 1066 dicitur
284 1018 326 1066 ex
348 1017 430 1067 voce
452 1001 539 1070 olias
560 997 626 1066 uisi
647 996 683 1066 in
705 999 883 1067 sententiis
903 999 1081 1084 negativis.
1117 999 1193 1068 Non
1215 1004 1308 1068 recte

138 1110 251 1173 autem
267 1104 391 1173 Albert
405 1102 485 1174 Act.
504 1105 588 1173 Sem.
604 1105 674 1172 Erl.
698 1106 738 1173 11
754 1111 818 1172 344
842 1105 1011 1194 (similiter
1033 1106 1136 1174 etiam
1152 1106 1306 1175 Schmalz

13 1205 14 1270 f
137 1212 195 1296 Sy.
220 1211 239 1300 ξ
263 1211 357 1299 259):
397 1213 514 1299 „Aliam
544 1211 660 1295 ouom“
694 1211 803 1295 inquit
841 1213 893 1290 „in
932 1211 1115 1280 enuntiatis
1153 1211 1306 1297 positivis

12 1366 13 1376 1
138 1318 235 1386 nobis
264 1317 433 1387 rarissime
464 1335 569 1402 neque
600 1322 680 1386 ante
702 1318 835 1388 Livium
859 1319 988 1387 obviam
1021 1320 1092 1389 fit“.
1139 1319 1190 1387 Tu
1221 1320 1306 1386 euim

12 1429 13 1494 t
137 1424 264 1510 inspice
287 1425 419 1497 VarnI
444 1431 517 1510 2,15
541 1428 656 1497 dextro
685 1429 764 1496 tibio
794 1429 862 1497 ullu
884 1447 979 1509 quom
1002 1428 1147 1496 11111111.
1196 1425 1308 1513 Quid?

138 1532 225 1614 qnod
258 1530 362 1599 etiam
396 1531 483 1615 apud
506 1530 698 1601 ciceronem
732 1532 847 1616 paucis
880 1532 962 1600 locis
994 1533 1109 1601 eadem
1138 1537 1308 1601 structura

135 1637 285 1706 traditur
308 1637 363 1725 (de
386 1638 451 1708 inv.
474 1639 494 1706 Ι
521 1644 615 1722 18,26
647 1644 683 1706 et
705 1640 724 1707 Ι
747 1638 861 1726 47117)
893 1639 934 1706 cle
957 1639 1074 1722 quibus
1105 1639 1164 1706 cir.
1188 1639 1308 1707 Miller

133 1744 169 1812 in
194 1742 364 1813 Ciceronis
388 1744 497 1813 Laelii
521 1742 665 1813 editione
689 1744 913 1831 Seyffertiana
934 1766 966 1829 p.
994 1751 1066 1811 129.

227 1853 372 1936 Propter
401 1851 700 1935 comparativorum
729 1850 986 1934 similitudinem,
1021 1857 1060 1920 ut
1089 1853 1231 1938 videtur,
1267 1871 1308 1920 ex

136 1959 201 2026 hac
224 1962 395 2026 structura
418 1957 585 2042 profectus
609 1965 663 2028 est
686 1960 856 2028 ablativus
878 1979 920 2026 ex
942 1978 1022 2029 voce
1045 1963 1131 2030 aliem
1145 1960 1306 2044 pendens:

136 2065 195 2133 HI
212 2071 307 2147 teat
332 2069 517 2138 erc'thuoco·
537 2121 543 2136 .
560 2070 644 2154 quod
667 2077 712 2138 est
734 2071 827 2138 eliud
848 2070 937 2138 melle
966 2077 1037 2138 <et>
1058 2071 1203 2156 propolo';
1225 2066 1306 2134 item

135 2172 171 2239 in
194 2173 294 2241 Bruti
318 2173 492 2257 Oassiique
516 2175 661 2259 epistula
685 2174 768 2262 (Cic.
792 2175 884 2241 Fam.
907 2175 967 2242 XI
990 2175 1057 2261 2,2)
1080 2173 1306 2241 incontentia

136 2280 311 2365 negative:
347 2305 408 2352 ocos
430 2285 469 2352 ob
491 2285 588 2353 inille
611 2292 764 2370 spectasse
788 2285 889 2352 otium
922 2305 981 2352 meo
1013 2284 1183 2368 quicquum
1216 2284 1307 2351 uliuol

138 2390 279 2458 libertate
316 2391 480 2458 communi
516 2393 676 2472 qooemsse
714 2393 820 2458 cottus
849 2392 997 2460 deciorum
1043 2387 1193 2455 Transiit
1222 2389 1306 2456 haec

136 2492 295 2562 sermonis
328 2494 478 2580 vulgaris
513 2499 684 2564 structura
724 2495 827 2563 etism
868 2495 903 2562 in
936 2495 1075 2564 Horatii
1109 2514 1306 2564 sermonem:

135 2602 195 2685 Ep.
219 2603 239 2668 Ι
264 2608 359 2685 tomo
383 2605 486 2674 olium
508 2607 649 2691 sapiente
672 2607 820 2692 bonoque.

224 2709 336 2778 Allobo·
360 2763 366 2778 .
393 2763 399 2778 .
424 2712 526 2781 aliubi
550 2764 556 2778 .
583 2765 589 2779 .
614 2711 767 2778 correlat.
792 2711 811 2776 I
835 2715 924 2792 44,1;
949 2709 1044 2778 deest
1067 2709 1154 2793 apud
1177 2707 1245 2776 (tio.

223 2815 293 2886 Alii
316 2847 358 2870 =
381 2818 499 2904 relicui
529 2817 569 2884 H
596 2821 680 2901 10,2‚
718 2834 907 2883 asermone
931 2815 1063 2901 vulgari
1093 2818 1209 2898 ortum,
1245 2812 1304 2880 cfr.

135 2921 288 2990 Schmalz
312 2919 388 2988 Stil,
413 2920 432 3010 ξ
458 2929 507 2989 29.

226 3034 253 3094 3.
281 3029 413 3110 coepe.
458 3030 524 3096 Est
558 3028 650 3096 locus
684 3029 772 3112 apud
805 3028 988 3101 Varronem
1024 3026 1097 3114 (ΙΠ
1121 3026 1211 3114 9,12)
1242 3045 1305 3109 quo

11 3141 12 3150 ’
135 3135 241 3202 forme
263 3135 378 3204 activa
400 3135 496 3203 huius
512 3136 606 3207 verbi
628 3153 701 3204 cum
721 3134 884 3204 infinitivo
899 3134 1034 3219 passivo
1056 3133 1232 3201 coniuncte
1248 3133 1303 3217 sit,

136 3259 333 3325 quamquam
367 3241 551 3310 subiectum
582 3241 749 3310 enuntiati
782 3240 987 3309 indefinitum
1021 3244 1088 3307 est:
1124 3243 1304 3326 poudrottuc

11 3415 12 3448 ἦ
135 3357 204 3437 post
237 3371 335 3438 poem
368 3353 519 3421 incubari
553 3353 668 3438 eoepit·
701 3367 777 3416 nam
812 3347 977 3417 erravisse
999 3347 1133 3416 videtur
1154 3345 1305 3413 thfflin

136 3455 191 3537 qui
213 3453 316 3523 Arch.
341 3455 394 3529 VI
419 3461 479 3522 101
504 3454 579 3523 init.
604 3464 746 3544 coeptum
768 3463 813 3524 est
835 3455 1019 3525 Varronem
1042 3451 1214 3534 scripsisse
1243 3451 1330 3536 ait,

12 3609 13 3644 p
135 3561 313 3633 Structura
338 3563 369 3630 ei
392 3561 510 3631 similis
534 3567 588 3630 est
611 3581 708 3646 quam
730 3563 865 3646 Drtger
891 3560 911 3647 ξ
935 3565 976 3625 92
1002 3592 1043 3614 =
1066 3580 1098 3642 p.
1126 3563 1186 3622 139
1218 3557 1302 3625 med.

137 3668 221 3750 apud
244 3667 410 3754 Nepotem
435 3669 564 3757 (Epam.
591 3668 679 3756 10,3)
703 3667 783 3736 ferri
805 3686 902 3751 posse
924 3670 1036 3752 negat.

225 3774 345 3844 Obiter
374 3776 436 3844 hoc
459 3793 704 3844 commemorem
735 3793 835 3857 saepe
862 3777 1045 3847 Varronem
1074 3792 1133 3856 pro
1164 3769 1302 3855 perfect'

137 3879 241 3950 forme
264 3886 371 3971 coepi
386 3882 489 3951 etiam
504 3900 663 3966 usurpare
678 3885 805 3970 incepi
825 3880 918 3950 velut
934 3880 953 3947 Ι
970 3885 1025 3959 30;
1043 3880 1082 3947 H
1100 3885 1189 3957 11,6;
1213 3877 1251 3944 Χ
1268 3883 1303 3961 9;

135 3988 193 4060 cfr.
218 3989 415 4058 Thielmann
437 4009 469 4074 p.
495 3994 557 4054 380
575 4007 601 4057 s.

223 4103 253 4161 4.
285 4099 407 4177 Hmo,
436 4097 585 4176 acarde,
614 4097 745 4162 ceroto.
790 4093 847 4161 Ad
878 4092 1127 4180 significandum
1161 4090 1304 4174 pretium

138 4202 246 4273 Varro
278 4221 343 4270 nou
373 4221 450 4270 raro
480 4203 564 4269 haec
594 4202 696 4269 verba
725 4199 895 4284 compngit
926 4219 998 4268 cum
1022 4196 1178 4266 adverbio
1202 4219 1302 4267 cora:

137 4309 155 4376 I
185 4315 259 4394 16,3
291 4311 379 4380 oum
409 4331 478 4380 moe
510 4332 582 4379 core
613 4330 712 4377 emere
736 4311 860 4395 possa·
890 4305 946 4372 ΙΙΙ
976 4309 1027 4388 5,2
1058 4328 1131 4374 coes
1154 4357 1162 4373 .
1188 4357 1195 4373 .
1223 4327 1303 4391 quoe

132 4417 271 4505 pinques
301 4424 440 4487 ocemont
470 4437 559 4501 cora·
592 4413 651 4481 HI
677 4417 771 4496 16,32
803 4410 972 4496 (propolis)
1003 4413 1113 4482 cortus
1141 4413 1181 4482 o'o
1210 4433 1303 4480 sucro
