3070 4828
613 216 831 277 ...58-

113 393 222 461 tivus
253 391 291 458 II
323 397 375 474 5,5
408 399 574 477 praetereo
603 393 667 459 seio
702 392 789 459 buno
819 413 883 459 esse
912 394 952 459 in
981 409 1073 472 quem
1101 416 1145 480 po
1146 392 1306 462 tissimum

113 502 280 586 Iuppiter
314 521 347 567 se
377 501 544 567 convertit
610 499 753 581 „buno
782 520 847 565 esse
878 499 935 582 qui
962 498 1054 583 filios
1083 501 1266 584 Neptuni

115 609 279 676 servarit.

223 710 368 776 Etiam
358 729 394 777 ιιι
425 708 564 790 obliquis
591 707 907 794 interrogationibus
919 708 946 796 1)
975 709 1141 778 interdum
1164 747 1207 758 -
1229 730 1306 777 raro

96 835 215 896 ¹sane
237 853 280 865 -
303 815 505 885 indicativus
529 815 660 884 videtur
683 821 838 885 servatus
861 833 951 900 esse,
977 822 1068 884 terte
1090 816 1125 883 in
1147 816 1242 884 libris
1266 816 1306 884 de

114 925 142 989 1.
172 924 219 991 l.:
244 940 437 1015 quamquam
460 940 690 1004 nonnunquam
714 922 861 991 dubitari
888 927 1001 1005 potest
1028 927 1138 992 utrum
1165 923 1305 990 interro-

115 1029 227 1114 gatio
261 1029 297 1096 in
330 1029 514 1096 indicativo
548 1030 642 1096 modo
676 1030 787 1112 posita
820 1049 879 1113 pro
913 1029 1177 1115 interrogatione
1210 1033 1306 1096 reeta

114 1135 244 1220 potius
271 1155 315 1202 an
343 1155 401 1219 pro
431 1134 564 1217 obliqua
592 1135 784 1218 accipienda
812 1135 868 1203 sit.
915 1135 1017 1204 (terte
1040 1156 1067 1204 e.
1092 1158 1124 1222 g.
1147 1137 1240 1208 VIII
1264 1141 1305 1200 33

116 1248 154 1312 si
183 1240 243 1328 (ea
265 1241 420 1326 analogia
443 1242 610 1323 sequenda
633 1247 686 1310 est
708 1242 814 1324 nobis)
838 1267 919 1330 quoe
941 1267 1011 1314 non
1038 1253 1084 1314 est
1111 1246 1150 1315 in
1177 1267 1306 1314 consm-

116 1353 261 1436 tudr'ne,
292 1371 495 1432 quaeremus:
522 1358 559 1419 nt
586 1353 718 1436 quisque
745 1353 808 1420 duo
835 1354 929 1421 verbu
957 1354 997 1421 in
1019 1361 1170 1438 mutuor
1192 1354 1307 1440 formis

113 1460 273 1546 finxerit
294 1460 452 1542 similiter,
477 1460 622 1543 quumvis
643 1460 719 1526 tmeo
738 1460 926 1542 nolimus,t
913 1467 1021 1528 tumen
1036 1468 1133 1528 erum
1147 1463 1308 1543 sequenda

118 1575 165 1633 ut
202 1565 344 1650 Iuppitri
375 1565 517 1650 Murspit
503 1565 606 1632 trem?
640 1568 737 1646 propt
739 1567 825 1629 ert
827 1566 918 1629 otanr
953 1563 1017 1630 looi
1048 1569 1109 1630 nat
1111 1583 1204 1631 uram
1235 1565 1333 1648 sola¹

119 1669 332 1753 interrogat
323 1687 355 1734 ro
390 1674 485 1735 reeta
521 1673 601 1752 apte
635 1668 860 1753 intellegetur
918 1669 1037 1736 Paullo
1073 1674 1185 1736 autern
1219 1669 1307 1736 inira

121 1776 164 1864 (ξ
206 1782 245 1841 71
276 1778 358 1844 Item
388 1786 549 1863 quuemmt
578 1780 608 1845 si
637 1780 680 1846 sit
709 1780 861 1865 unntoqio
896 1801 954 1846 eur
988 1780 1166 1865 appellunt
1200 1800 1308 1846 omnes

124 1886 245 1953 numm
269 1882 376 1952 Deum
404 1883 612 1954 Consentium
639 1893 668 1952 et
695 1906 763 1954 non
790 1886 935 1953 Deorum
959 1883 1189 1954 Consentium?
1225 1885 1308 1954 Item

123 2013 197 2060 our
230 1992 379 2060 dicotur
409 1992 495 2059 mitte
526 1992 724 2076 Denarium,
761 2014 830 2060 non
859 1994 946 2060 mitte
975 1993 1198 2061 Dennm‘orum
1228 1992 1306 2070 ets.)

124 2094 288 2177 obliquae
311 2100 349 2162 ut
371 2095 505 2162 videtur
527 2096 799 2182 interrogationis
823 2096 1038 2165 inlibativum
1053 2102 1130 2180 post
1146 2097 1307 2180 quaedum

125 2203 241 2274 verba
275 2202 398 2285 excipit
429 2201 657 2269 ooniunotivus
672 2200 696 2281 1)
734 2220 828 2284 quern
860 2220 940 2268 sane
970 2202 1005 2267 in
1035 2202 1143 2285 priore
1181 2220 1307 2283 quoque

124 2310 279 2379 membro
302 2309 503 2391 interpretes
527 2307 807 2377 desideraverunt.
847 2307 903 2375 An
927 2307 1029 2374 etiam
1051 2309 1113 2375 hoo
1131 2308 1202 2375 loeo
1218 2307 1308 2390 prior

125 2433 215 2501 pars
239 2415 431 2499 arripienda
455 2420 507 2482 est
530 2434 589 2499 pro
604 2419 677 2482 rest
680 2436 700 2482 a
715 2414 978 2501 interrogatione
994 2435 1052 2499 pro
1069 2436 1134 2498 qua
1149 2415 1184 2483 in
1199 2416 1307 2482 altero

125 2522 279 2590 membro
310 2520 442 2603 obliqua
474 2521 645 2604 supposita
675 2521 863 2608 sitibll
865 2522 947 2589 tiam
974 2525 1008 2595 V
1034 2529 1110 2607 1403
1142 2524 1239 2606 Χ9;
1270 2522 1309 2588 X

127 2636 178 2694 58
203 2632 287 2694 extr
312 2628 469 2712 leguntur
491 2628 628 2695 indicat'
603 2627 666 2697 nvi
690 2627 815 2696 formae
837 2647 1034 2711 quaequam
1056 2633 1149 2697 reste
1171 2576 1307 2696 traian-

127 2741 193 2802 tur
216 2738 250 2801 et
273 2753 359 2801 nuno
381 2740 515 2802 osrtant
538 2734 751 2820 grammatici
774 2740 809 2802 et
832 2754 960 2818 semper
975 2735 1017 2803 lis
1033 2736 1098 2803 erit
1114 2737 1174 2803 sub
1189 2734 1306 2817 iudice,

131 2861 209 2910 oum
232 2841 346 2923 aequis
370 2842 469 2909 armis
492 2842 624 2924 utrique
654 2845 803 2926 pugnent
831 2860 965 2922 quorum
992 2842 1094 2910 alteri
1119 2842 1206 2908 idem
1233 2859 1307 2907 oon·

130 2949 278 3016 tendunt
302 2948 403 3014 alteri
425 2951 561 3034 negant.

226 3055 381 3122 Ceterum
413 3073 440 3122 e.
469 3075 501 3140 g.
526 3056 579 3126 VI
609 3061 648 3120 12
679 3057 798 3126 Dirum
823 3059 922 3138 prius
951 3059 1022 3141 qui
1039 3060 1170 3126 oleorum
1200 3079 1307 3140 seusu,

132 3174 205 3233 tum
228 3166 285 3250 qui
307 3164 448 3233 homimis
463 3171 556 3233 sunt
569 3166 715 3234 instituti
730 3162 938 3230 enuntiatum
952 3181 1017 3229 non
1032 3161 1309 3246 interrogativum

133 3274 200 3352 est,
225 3269 283 3337 sed
306 3269 494 3346 relativum,
518 3269 637 3336 omisso
660 3269 812 3336 nimirum
836 3268 1095 3336 demonstrativo
1118 3266 1307 3350 pronomine

132 3381 174 3446 cte
196 3379 240 3445 iis
261 3375 409 3463 (dubus),
434 3375 491 3443 ofr.
517 3394 617 3459 supra
639 3395 671 3459 p.
689 3381 741 3439 43.

229 3660 251 3729 ¹)
271 3658 327 3715 Otr.
342 3658 466 3715 Sohmaln
478 3660 494 3729 1
507 3660 561 3714 214
572 3682 608 3706 =
621 3658 658 3729 ἰι
677 3658 731 3714 475
744 3659 813 3716 med.
851 3658 893 3715 De
905 3655 1046 3714 ciceronis
1058 3671 1112 3713 usu
1129 3657 1178 3714 ofr.
1192 3657 1308 3716 Thielm.

131 3765 163 3817 p.
181 3749 241 3803 432.

229 3835 252 3907 1)
271 3835 364 3890 Plaut.
383 3834 504 3890 Mostell.
524 3837 590 3893 190:
608 3835 668 3891 vide
687 3852 757 3908 quae
775 3837 826 3891 stu
845 3841 871 3891 et
888 3851 957 3907 quae
972 3835 1020 3907 sui
1037 3840 1108 3903 unte,
1133 3835 1183 3892 etr.
1202 3835 1309 3894 Lorenn

133 3923 171 3979 nd
190 3924 216 3979 h.
235 3924 254 3979 l.
273 3930 302 3980 et
320 3923 436 3992 Beoker,
455 3923 576 3979 Studem.
596 3923 672 3979 Stud.
692 3925 706 3978 Ι
723 3942 749 3994 p.
769 3925 830 3981 296.

229 4013 249 4082 ³)
268 4013 311 4067 llx
330 4011 455 4068 oratius
474 4012 585 4080 obliqua
603 4012 741 4068 transitus
760 4012 795 4067 al
813 4016 919 4068 restam
933 4013 981 4080 qui
993 4013 1095 4069 esteris
1109 4029 1215 4082 quoque
1228 4012 1309 4082 sarip-

137 4100 249 4157 toribus
267 4101 390 4158 usitatus
410 4107 454 4158 est
472 4102 533 4172 (cfr.
553 4102 665 4157 Ruhner
683 4119 709 4172 p.
731 4102 800 4156 1038
818 4118 844 4158 n.
864 4102 892 4172 5)
910 4101 982 4172 apud
1000 4102 1151 4158 Varronem
1170 4100 1310 4157 invenitur

135 4190 165 4244 ll
185 4192 245 4259 1,27
265 4231 271 4245 .
291 4229 297 4245 .
318 4190 420 4246 subicio
439 4189 586 4262 Magonem
604 4195 631 4246 et
642 4190 805 4263 Dionysium
824 4191 944 4246 seribere
963 4233 969 4246 .
988 4227 995 4244 .
1017 4232 1023 4246 .
1062 4191 1155 4258 Quare
1174 4207 1229 4245 non
1248 4229 1255 4244 .
1275 4229 1281 4243 .
1301 4228 1309 4246 .

136 4278 273 4334 adsentiri
290 4296 384 4335 omnes
403 4283 502 4336 terras.
539 4280 633 4351 Neque
652 4280 724 4335 enim
742 4279 905 4335 hirundines
923 4283 951 4334 st
966 4280 1089 4334 tironiae
1107 4319 1113 4333 .
1133 4318 1140 4334 .
1160 4317 1167 4336 .
1187 4321 1193 4336 .
1212 4279 1242 4333 in
1253 4295 1309 4334 om·

134 4367 218 4422 nitus
243 4369 325 4425 terris
348 4370 470 4441 pariunt.
507 4367 570 4424 Non
598 4370 672 4424 settis
691 4411 697 4424 .
718 4408 724 4422 .
745 4370 770 4424 ..⁹
806 4369 956 4423 Praetereo
981 4366 1030 4423 cfr.
1051 4367 1082 4422 0.
1102 4367 1203 4423 Miiller
1220 4368 1308 4438 presi.

133 4473 163 4526 p.
181 4455 308 4514 XXXIV.
