3070 4828
712 204 930 262 ..23-

233 400 263 458 p.
294 377 395 441 755h
424 376 479 458 qui
507 377 619 442 tamen
647 373 753 441 minus
781 379 873 441 recte
897 373 978 441 dicit
1005 373 1108 456 „iam“
1136 372 1222 455 apud
1245 372 1406 441 (tatonem

235 483 352 549 deesse
375 481 574 565 particulam
597 484 684 551 enim
706 499 732 546 1.
754 504 849 551 nam:
863 480 960 546 immo
976 481 1060 546 haec
1076 483 1128 546 est
1144 480 1286 562 pristina
1302 480 1408 546 forma

235 588 404 669 loquendi,
437 593 475 655 ut
504 605 559 654 res
589 587 683 669 ipsae
712 587 815 654 solum
847 586 957 655 verbis
986 586 1226 669 exprimentum
1251 587 1408 669 quivero

235 713 378 761 conexus
401 695 491 761 inter
514 693 663 778 singulas
686 711 740 759 res
764 692 968 771 intercedat,
994 691 1029 758 id
1052 691 1262 760 audientibus
1285 693 1408 760 intelli-

236 801 377 885 gendum
417 788 638 881 relinquatur:
679 798 890 866 audientibus
929 797 1015 881 dico,
1052 816 1129 864 nam
1170 797 1205 864 in
1247 799 1410 866 audiendo

235 907 320 973 talia
348 907 451 973 multo
479 905 610 972 facilius
638 905 835 988 percipimus
867 924 964 986 quam
987 904 1022 970 in
1045 904 1184 988 legendo
1209 903 1282 990 (cfr.
1307 904 1410 972 etiam

237 1012 421 1098 Segebade,
444 1012 532 1078 Diss.
557 1013 635 1078 Hal.
659 1013 713 1083 IV
734 1032 765 1094 p.
792 1015 854 1074 305
880 1015 915 1077 et
938 1030 969 1093 p.
996 1013 1083 1092 309).

324 1118 476 1199 Denique
500 1118 686 1201 asyndeton
709 1117 811 1184 etiam
836 1118 924 1200 apud
938 1118 1123 1188 Varronem
1146 1117 1340 1200 saepissime
1362 1119 1409 1186 in-

236 1224 344 1293 veniri
374 1243 446 1290 cum
477 1222 696 1305 parallelismi
718 1227 754 1290 et
777 1222 916 1289 chiasmi
939 1221 1051 1290 formis
1076 1221 1299 1309 coniunctum,
1322 1225 1411 1292 inira

236 1329 528 1397 demonstrandum
558 1329 623 1396 erit
653 1329 687 1396 in
722 1348 760 1396 eo
795 1329 907 1413 eapite
938 1348 1000 1414 quo
1032 1329 1206 1396 collocatio
1236 1333 1412 1399 verborum

236 1436 471 1505 illustrabitur.

803 1543 898 1624 522.

329 1668 381 1734 De
405 1667 453 1734 eis
477 1665 660 1734 enuntiatis
684 1685 768 1748 quae
792 1685 852 1750 ope
877 1665 1140 1734 coniunctionum
1163 1666 1252 1735 inter
1275 1687 1311 1735 se
1337 1687 1414 1735 nec·

238 1779 356 1841 tumtur
378 1775 440 1840 hoc
463 1792 562 1840 unum
585 1773 695 1840 iacere
718 1792 784 1840 non
805 1793 938 1857 possum
961 1773 1040 1857 quin
1059 1793 1204 1857 premam
1220 1775 1416 1859 saepissime

238 1883 423 1953 Varronem
459 1879 642 1947 enuntiatis
678 1898 781 1962 aequo
816 1880 929 1948 ordine
967 1880 1086 1963 positis
1119 1880 1221 1948 etiam
1252 1885 1323 1949 tum
1352 1882 1416 1967 uti,

240 2005 312 2053 cum
329 1985 506 2054 secundum
522 1990 705 2054 ceterorum
728 1988 925 2070 scriptorum
949 1988 1217 2055 consuetudinem
1240 1992 1417 2072 exspectes

240 2093 487 2160 enuntiatorum
510 2092 648 2160 formam
670 2093 928 2177 hypotacticam.
972 2094 1048 2161 Hoc
1070 2095 1156 2162 enim
1179 2095 1234 2163 vel
1257 2113 1417 2162 summum

239 2200 414 2266 discrimen
438 2203 490 2266 est
514 2200 600 2280 quod
620 2200 758 2267 intersit
773 2199 862 2266 inter
877 2200 1038 2271 Varronis
1055 2220 1236 2268 sermonem
1253 2205 1416 2268 eteorum

239 2305 295 2389 qui
323 2305 409 2372 artis
438 2306 625 2373 rhetoricae
654 2311 834 2390 praecepta
863 2307 970 2373 secuti
1001 2307 1219 2374 elocutionem
1249 2307 1416 2391 perpolire

240 2411 453 2479 studuerunt:
485 2413 549 2479 hac
572 2412 606 2479 in
629 2433 666 2479 re
688 2417 824 2496 praeter
847 2417 960 2480 cetera
983 2413 1104 2480 nititur
1127 2413 1306 2481 similitudo
1329 2433 1417 2495 quae

238 2517 401 2589 Varronis
425 2519 566 2584 sermoni
589 2523 642 2586 est
666 2538 738 2585 cum
762 2519 891 2599 dicendi
915 2520 1150 2587 consuetudine
1174 2520 1352 2587 cotidiana.

327 2625 486 2708 Exemplo
510 2625 556 2693 sit
572 2625 688 2692 Oicero
712 2626 767 2706 qui
790 2625 875 2707 quod
898 2625 964 2693 alio
988 2645 1137 2710 sermone
1160 2626 1267 2693 utitur
1289 2626 1323 2693 in
1346 2626 1418 2709 epi·

239 2729 353 2808 stulis,
386 2731 452 2798 alio
484 2731 518 2798 in
550 2731 770 2816 orationibus,
802 2751 843 2798 ea
871 2732 1076 2814 potissimum
1103 2733 1139 2798 in
1166 2751 1202 2798 re
1226 2731 1418 2800 differentia

238 2837 350 2921 posita
373 2842 437 2914 est,
462 2838 548 2920 quod
570 2839 604 2904 in
628 2838 813 2906 orationum
837 2857 958 2923 genere
981 2838 1112 2906 dicendi
1134 2839 1310 2907 enuntiata
1325 2839 1418 2906 inter

239 2963 276 3011 11
299 2945 549 3029 subiunguntur,
574 2945 644 3011 illic
667 2944 918 3030 coniunguntur.

329 3051 469 3134 Singula
493 3055 604 3118 autem
627 3052 777 3133 exempla
801 3051 987 3119 exscribere
1010 3052 1067 3122 vix
1082 3051 1216 3121 videtur
1231 3071 1311 3136 opus
1328 3071 1413 3137 esse,

240 3155 395 3238 quoniam
419 3157 601 3241 quicunque
624 3158 679 3226 vel
701 3177 808 3241 pauca
824 3159 985 3230 Varronis
1009 3159 1130 3244 legerit
1153 3159 1240 3227 hanc
1251 3158 1416 3227 sermonis

240 3263 443 3333 Varroniani
487 3264 726 3347 proprietatem
771 3284 837 3332 non
875 3265 1141 3334 animadvertere
1178 3285 1242 3333 non
1280 3265 1416 3348 poterit.

239 3369 426 3438 Praeterea
449 3371 538 3438 inira
561 3372 622 3439 hoc
645 3371 727 3439 illud
750 3373 931 3457 exemplum
954 3373 1018 3458 ipsi
1042 3372 1150 3441 obiter
1172 3376 1358 3458 tangemus.

721 3849 855 3934 (iaput
877 3851 926 3917 H.

536 4008 591 4078 De
614 4006 821 4078 enuntiatis
845 4006 1116 4078 subordinatis.

777 4184 796 4273 1
821 4190 873 4253 aa.

331 4308 560 4375 Transeuntes
587 4307 654 4373 iam
682 4307 726 4373 ad
753 4326 812 4374 eas
835 4308 1081 4377 enuntiationes
1104 4309 1139 4375 in
1162 4309 1279 4391 quibus
1303 4310 1415 4377 altera

241 4432 320 4497 pars
344 4431 386 4479 cx
409 4413 519 4480 altera
541 4411 674 4495 pendet,
697 4413 778 4480 item
802 4413 991 4482 debebimus
1014 4414 1228 4499 distinguere,
1245 4417 1354 4482 utrum
1370 4416 1415 4482 ad
