3070 4828
754 215 978 274 ...46-

278 389 429 476 Europa,
457 390 501 460 irc
527 411 599 476 quo
626 390 722 459 etium
744 388 844 476 Syrio
871 386 948 474 (nisi
972 387 1059 455 lorto
1082 386 1290 458 scribendum
1312 392 1356 459 io
1380 409 1455 471 quo

281 513 355 562 cnm
377 494 501 582 Lecto)
524 535 566 546 --
591 495 773 562 adnomen
797 495 927 580 generis
951 493 1108 562 feminini.

817 671 837 760 ξ
862 679 913 738 30.

361 779 573 868 Quibusdam
600 778 685 847 locis
713 777 819 849 Varro
847 784 886 848 ut
913 779 974 848 alii
999 779 1148 848 nonnulli
1177 779 1358 863 scriptores
1383 779 1456 864 (cfr.

279 887 420 956 Kiihner
446 906 477 969 p.
502 892 594 964 42‚7;
624 885 804 954 Schneider
833 884 971 970 Scriptt.
995 888 1037 955 R.
1061 888 1103 956 R.
1127 886 1162 954 in
1188 886 1255 954 ind.
1279 889 1456 956 verborum

279 1013 305 1062 s.
329 1013 359 1062 v.
383 999 456 1074 res)
483 1011 660 1077 pronomen
689 992 868 1061 relativum
896 993 1079 1061 adnomen
1102 1012 1132 1074 q.
1158 1011 1185 1059 e.
1209 1017 1270 1064 res
1295 1002 1455 1078 spectans

278 1119 344 1170 non
373 1100 409 1168 in
439 1100 595 1168 feminino
625 1118 747 1185 genere
777 1099 885 1186 ponit,
917 1099 1034 1168 sedin
1055 1105 1188 1183 neutro,
1216 1100 1311 1168 velut
1334 1101 1354 1167 Ι
1379 1105 1452 1178 1,11

280 1209 477 1278 circumcisio
499 1210 593 1278 relos
614 1229 698 1292 quac
720 1230 790 1278 ruore
812 1211 953 1278 arbitror
969 1211 1188 1291 pertinerem
1203 1210 1276 1296 apri
1292 1210 1455 1276 culturum

280 1312 323 1379 sd
353 1332 450 1395 quem
479 1313 585 1382 locum
614 1313 702 1381 Keil.
726 1318 840 1380 cetera
870 1314 1021 1397 exemplu
1052 1312 1237 1382 adnotavit.
1284 1312 1327 1382 In
1358 1311 1454 1384 libris

281 1418 321 1486 de
343 1419 366 1488 l.
390 1420 412 1486 l.
436 1437 502 1494 non
524 1419 657 1488 memini
681 1419 804 1488 similia
826 1436 878 1490 mo
900 1420 1024 1506 legisse
1039 1419 1075 1506 1).

846 1583 940 1664 §sn

368 1687 417 1756 Ut
449 1686 537 1771 apud
559 1687 766 1762 Ciceronem,
798 1687 978 1756 Gaesarem
1002 1692 1066 1754 etc.
1090 1685 1172 1754 locis
1202 1686 1367 1754 nonnullis
1397 1686 1452 1774 (do

281 1794 399 1878 quibus
427 1795 485 1862 cfr.
510 1795 651 1862 Kihner
673 1815 702 1878 p.
730 1800 769 1858 19
793 1799 862 1860 not.
888 1800 935 1876 3),
961 1793 1009 1861 sic
1032 1793 1134 1860 etiem
1157 1792 1244 1876 cpnd
1267 1794 1453 1864 Varronem

279 1919 456 1986 pronomen
479 1900 657 1970 relativum
680 1901 724 1967 ad
747 1900 994 1970 substantivum
1016 1920 1058 1969 ex
1074 1900 1240 1968 adiectivo
1257 1899 1342 1981 quod
1357 1901 1451 1967 ante-

284 2008 374 2077 cedit
402 2008 617 2092 supplsndum
639 2013 773 2091 spectat
801 2009 862 2074 hoc
885 2009 957 2075 loco
980 2008 1020 2075 II
1043 2013 1095 2092 3‚3
1119 2010 1242 2093 cuprilc
1264 2030 1396 2078 remeo.
1419 2055 1450 2074 ..

281 2119 320 2186 dc
342 2138 481 2202 quorum
503 2118 674 2186 velocitate.
714 2115 841 2183 doncro
865 2116 904 2182 H
929 2121 1001 2194 7,15
1025 2115 1063 2185 Si
1086 2118 1195 2204 frique
1211 2117 1280 2183 orii.
1297 2118 1336 2183 irc
1351 2114 1451 2200 cquii'

281 2226 453 2312 faciendus
490 2225 586 2312 ipris.
641 2224 747 2309 Equis
781 2225 865 2309 quod
899 2225 959 2292 ulii
992 2231 1071 2292 suut
1103 2225 1146 2291 ad
1178 2244 1245 2290 rem
1278 2223 1453 2290 militarem

280 2333 389 2400 idonci
423 2332 488 2396 etc.
523 2348 581 2411 pro
617 2329 777 2398 vocabulo
811 2331 937 2416 Equis
968 2347 1033 2395 non
1064 2327 1271 2395 scribendum
1301 2329 1336 2396 Ε
1355 2330 1451 2414 quir,

281 2436 339 2502 sed
364 2453 437 2500 cum
458 2433 572 2501 Keilio
602 2454 644 2502 ex
668 2435 780 2504 codice
803 2437 903 2502 Luur.
928 2453 960 2500 m
982 2437 1103 2524 Equi·
1125 2453 1203 2500 nam
1226 2451 1268 2500 ex
1290 2432 1451 2503 vocabulo

281 2544 420 2629 equile,
455 2540 541 2623 quod
575 2561 639 2608 non
668 2542 736 2608 iam
766 2561 824 2626 pro
855 2541 1020 2609 adiectivo
1052 2541 1280 2625 accipiebatur
1309 2540 1368 2608 sed
1395 2557 1452 2623 pro

281 2647 509 2724 substantivo,
541 2649 645 2716 multo
676 2648 842 2716 difficilius
874 2652 927 2715 est
958 2665 1113 2730 equorum
1139 2647 1307 2716 notionem
1334 2647 1453 2715 ducere

280 2773 379 2837 quum
401 2754 511 2838 priore
533 2753 604 2822 loco
628 2774 801 2838 caprarum
823 2754 992 2822 notionem
1016 2773 1058 2821 ex
1080 2773 1170 2822 mero
1193 2753 1361 2824 adiectivo
1376 2774 1407 2836 q.
1424 2771 1451 2819 e.

281 2865 440 2948 caprile.

368 2968 483 3036 Tertio
507 2973 619 3035 sutem
642 2969 712 3036 loco
737 2969 807 3052 ipso
831 2969 973 3052 scriptor
989 2968 1143 3036 duritiem
1158 2967 1330 3052 mitigavit
1350 2985 1450 3052 appo-

280 3074 346 3143 sito
381 3075 593 3145 substantivo
628 3094 670 3142 ex
704 3094 766 3156 qno
802 3075 1004 3144 adiectivum
1038 3074 1122 3144 illud
1156 3073 1209 3143 cui
1242 3073 1451 3160 subiungitur

371 3307 392 3373 ¹)
412 3306 454 3362 De
478 3305 614 3362 vocabulo
637 3321 662 3375 q.
683 3321 707 3362 c.
731 3322 788 3361 ror
815 3305 851 3360 sd
873 3303 1149 3361 circumscribendum
1173 3303 1341 3374 pronominis
1364 3316 1452 3373 genus

279 3399 407 3451 neutrum
432 3400 566 3465 usurpato
586 3395 636 3452 cir.
655 3395 695 3450 VI
712 3397 749 3450 42
770 3395 835 3451 Cum
861 3395 1012 3465 cupiamus
1035 3393 1103 3464 quid
1120 3399 1147 3448 et
1163 3410 1224 3449 cam
1243 3409 1301 3448 rem
1320 3392 1452 3463 operamus

281 3485 310 3539 iu
328 3488 424 3551 moute,
444 3483 559 3554 opimus.
597 3483 656 3551 Quo
674 3483 808 3541 vocabulo
827 3501 889 3541 cnm
908 3483 1018 3539 omnino
1030 3482 1119 3539 Varro
1140 3499 1195 3538 non
1213 3497 1277 3538 roro
1295 3481 1338 3537 itu
1349 3487 1453 3544 ututur,
1513 3535 1514 3542 ,

282 3577 315 3628 nt
338 3572 373 3627 ud
392 3572 595 3630 substantivum
613 3572 751 3642 quoldum
773 3573 940 3630 antecedens
963 3571 1139 3628 referendum
1164 3573 1210 3637 sit,
1235 3569 1369 3626 eiusmodi
1387 3566 1453 3625 locis

283 3659 382 3729 quibus
407 3659 523 3728 simplex
545 3677 694 3731 pronomen
718 3662 862 3732 (demonst.
886 3661 932 3718 vol
949 3661 1042 3732 relst.)
1066 3659 1132 3731 poni
1150 3659 1221 3717 sotis
1239 3659 1327 3716 inerit
1343 3659 1453 3714 ubertus

281 3747 415 3818 quaedum
429 3747 538 3804 dicendi
551 3749 701 3819 conspicuo
713 3757 757 3805 cst
768 3749 889 3819 priscum
903 3765 1056 3806 sermonem
1067 3749 1198 3806 redolens
1210 3779 1245 3793 -·
1258 3747 1367 3818 plenius
1380 3745 1452 3802 enim

283 3851 382 3893 nomen
401 3836 603 3893 substantivum
620 3839 681 3893 loco
698 3837 867 3909 pronominis
885 3838 1072 3895 introducitur
1084 3857 1133 3908 -3
1152 3837 1203 3900 cfr.
1216 3842 1339 3894 voterem
1352 3836 1453 3892 formu·

281 3926 339 3982 lum
358 3941 376 3981 s
393 3924 519 3982 Varrone
537 3925 576 3995 (ll
593 3927 650 3998 ὅ,6)
668 3927 810 3983 laudatum
828 3928 892 3984 iiius
909 3944 974 3984 coes
986 3944 1040 4001 qua
1052 3927 1086 3983 dc
1098 3943 1130 3983 ro
1143 3929 1242 3998 upilcr,
1261 3925 1349 3997 ipsius
1362 3931 1452 3981 sutem

281 4013 416 4072 Varronis
434 4013 503 4070 haec
520 4012 606 4070 verbs
624 4015 751 4086 (quorum
770 4016 956 4087 exemplorum
973 4032 1102 4074 numerus
1122 4031 1157 4072 cx
1174 4019 1215 4073 sis
1235 4015 1335 4085 sugeri
1352 4014 1452 4084 potest,

284 4119 355 4174 quse
373 4103 445 4159 Keil.
464 4103 500 4159 sd
517 4103 533 4158 1
549 4104 611 4172 5δρ
628 4103 752 4176 attulitit
771 4106 784 4159 l
803 4106 864 4174 2,ss
889 4104 1030 4162 Vocatium
1048 4121 1149 4177 propos
1167 4104 1289 4160 dicemus
1313 4104 1377 4176 apri
1399 4097 1452 4156 col·

284 4199 375 4250 turum
394 4209 464 4261 csse,
482 4193 509 4250 si
521 4197 642 4266 propter
658 4193 738 4249 istam
756 4209 814 4249 rom
826 4193 980 4251 iubendum
992 4194 1169 4250 statuerimus
1174 4213 1186 4260 ;
1203 4194 1265 4249 11⁷
1277 4192 1315 4250 in.
1334 4191 1451 4248 domines

280 4289 307 4341 rt
318 4282 485 4339 adminicula
496 4282 643 4350 domiuum,
663 4283 724 4339 sinc
741 4283 838 4356 quidus
856 4284 939 4341 rebus
951 4290 1021 4356 etc.;
1040 4284 1174 4354 111n‚14;
1192 4283 1322 4352 1119,1l;
1340 4274 1451 4339 vl1110

281 4372 318 4432 Io
335 4371 379 4429 hir
397 4365 480 4429 reddo
497 4389 569 4445 quac
587 4377 652 4429 runt
668 4372 794 4440 uomitum
813 4372 840 4428 X
853 4375 883 4446 13
904 4375 976 4434 addc
996 4375 1081 4434 otium
1099 4375 1113 4430 l
1131 4376 1165 4431 ul
1183 4376 1269 4431 extu:
1290 4370 1368 4442 Quor
1385 4365 1451 4425 cuim

279 4478 329 4525 rec
349 4461 450 4521 cotidie
466 4462 601 4530 ridemur,
620 4463 710 4520 minor
728 4467 850 4520 metuunt
863 4465 965 4536 furem.
