<?xml version="1.0" encoding="UTF-8"?>
<!DOCTYPE html PUBLIC "-//W3C//DTD XHTML 1.0 Transitional//EN"
    "http://www.w3.org/TR/xhtml1/DTD/xhtml1-transitional.dtd">
<html xmlns="http://www.w3.org/1999/xhtml" xml:lang="en" lang="en">
 <head>
  <title>
</title>
<meta http-equiv="Content-Type" content="text/html;charset=utf-8" />
  <meta name='ocr-system' content='tesseract 3.04.00' />
  <meta name='ocr-capabilities' content='ocr_page ocr_carea ocr_par ocr_line ocrx_word'/>
</head>
<body>
  <div class='ocr_page' id='page_1' title='image "./devarronianoscr01krumgoog_0087.png"; bbox 0 0 3070 4828; ppageno 0'>
   <div class='ocr_carea' id='block_1_1' title="bbox 735 215 955 275">
    <p class='ocr_par' dir='ltr' id='par_1_1' title="bbox 735 215 955 275">
     <span class='ocr_line' id='line_1_1' title="bbox 735 215 955 275; baseline 0.005 -17"><span class='ocrx_word' id='word_1_1' title='bbox 735 215 955 275; x_wconf 73' lang='lat'>..82-</span> 
     </span>
    </p>
   </div>
   <div class='ocr_carea' id='block_1_2' title="bbox 253 389 1442 3886">
    <p class='ocr_par' dir='ltr' id='par_1_2' title="bbox 800 389 895 470">
     <span class='ocr_line' id='line_1_2' title="bbox 800 389 895 470; baseline -0.011 -19"><span class='ocrx_word' id='word_1_2' title='bbox 800 389 895 470; x_wconf 70' lang='grc'>567.</span> 
     </span>
    </p>

    <p class='ocr_par' dir='ltr' id='par_1_3' title="bbox 253 492 1442 3018">
     <span class='ocr_line' id='line_1_3' title="bbox 346 492 1440 579; baseline 0.003 -18"><span class='ocrx_word' id='word_1_3' title='bbox 346 495 443 561; x_wconf 89' lang='lat' dir='ltr'><strong>Haec</strong></span> <span class='ocrx_word' id='word_1_4' title='bbox 474 493 514 560; x_wconf 92' lang='lat' dir='ltr'><strong>de</strong></span> <span class='ocrx_word' id='word_1_5' title='bbox 545 492 822 561; x_wconf 80' lang='lat' dir='ltr'><strong>translationibus</strong></span> <span class='ocrx_word' id='word_1_6' title='bbox 850 497 886 560; x_wconf 90' lang='lat' dir='ltr'><strong>ot</strong></span> <span class='ocrx_word' id='word_1_7' title='bbox 909 492 1037 562; x_wconf 93' lang='lat' dir='ltr'><strong>omnino</strong></span> <span class='ocrx_word' id='word_1_8' title='bbox 1065 493 1106 561; x_wconf 91' lang='lat' dir='ltr'><strong>de</strong></span> <span class='ocrx_word' id='word_1_9' title='bbox 1129 493 1171 562; x_wconf 90' lang='lat' dir='ltr'><strong>iis</strong></span> <span class='ocrx_word' id='word_1_10' title='bbox 1194 496 1291 564; x_wconf 89' lang='lat' dir='ltr'><strong>rebus</strong></span> <span class='ocrx_word' id='word_1_11' title='bbox 1316 497 1440 579; x_wconf 84' lang='lat' dir='ltr'><strong>quibus</strong></span> 
     </span>
     <span class='ocr_line' id='line_1_4' title="bbox 261 599 1442 689; baseline 0.001 -19"><span class='ocrx_word' id='word_1_12' title='bbox 261 619 367 670; x_wconf 88' lang='lat' dir='ltr'><strong>sermo</strong></span> <span class='ocrx_word' id='word_1_13' title='bbox 390 599 442 667; x_wconf 92' lang='lat' dir='ltr'><strong>ita</strong></span> <span class='ocrx_word' id='word_1_14' title='bbox 465 599 617 668; x_wconf 86' lang='lat' dir='ltr'><strong>variatus</strong></span> <span class='ocrx_word' id='word_1_15' title='bbox 641 603 755 668; x_wconf 87' lang='lat' dir='ltr'><strong>estut</strong></span> <span class='ocrx_word' id='word_1_16' title='bbox 779 604 947 668; x_wconf 79' lang='lat' dir='ltr'><strong>auctorem</strong></span> <span class='ocrx_word' id='word_1_17' title='bbox 971 600 1217 685; x_wconf 78' lang='lat' dir='ltr'><strong>octogenarium</strong></span> <span class='ocrx_word' id='word_1_18' title='bbox 1240 602 1299 672; x_wconf 85' lang='lat' dir='ltr'><strong>vix</strong></span> <span class='ocrx_word' id='word_1_19' title='bbox 1314 621 1442 689; x_wconf 75' lang='lat' dir='ltr'><strong>agnos-</strong></span> 
     </span>
     <span class='ocr_line' id='line_1_5' title="bbox 258 705 1441 792; baseline 0.002 -16"><span class='ocrx_word' id='word_1_20' title='bbox 258 727 324 776; x_wconf 89' lang='lat' dir='ltr'><strong>cas.</strong></span> <span class='ocrx_word' id='word_1_21' title='bbox 380 707 454 774; x_wconf 86' lang='lat' dir='ltr'><strong>Iam</strong></span> <span class='ocrx_word' id='word_1_22' title='bbox 483 707 527 773; x_wconf 85' lang='lat' dir='ltr'><strong>ad</strong></span> <span class='ocrx_word' id='word_1_23' title='bbox 556 710 685 790; x_wconf 85' lang='lat' dir='ltr'><strong>partem</strong></span> <span class='ocrx_word' id='word_1_24' title='bbox 718 705 902 790; x_wconf 88' lang='lat' dir='ltr'><strong>oppositam</strong></span> <span class='ocrx_word' id='word_1_25' title='bbox 933 725 984 774; x_wconf 91' lang='lat' dir='ltr'><strong>me</strong></span> <span class='ocrx_word' id='word_1_26' title='bbox 1012 710 1178 776; x_wconf 80' lang='lat' dir='ltr'><strong>converto.</strong></span> <span class='ocrx_word' id='word_1_27' title='bbox 1235 710 1316 792; x_wconf 87' lang='lat' dir='ltr'><strong>Ipsa</strong></span> <span class='ocrx_word' id='word_1_28' title='bbox 1347 711 1441 778; x_wconf 92' lang='lat' dir='ltr'><strong>enim</strong></span> 
     </span>
     <span class='ocr_line' id='line_1_6' title="bbox 256 813 1439 899; baseline 0 -14"><span class='ocrx_word' id='word_1_29' title='bbox 256 815 359 886; x_wconf 86' lang='lat' dir='ltr'><strong>verba</strong></span> <span class='ocrx_word' id='word_1_30' title='bbox 383 815 499 896; x_wconf 88' lang='lat' dir='ltr'><strong>quibus</strong></span> <span class='ocrx_word' id='word_1_31' title='bbox 523 815 631 885; x_wconf 89' lang='lat' dir='ltr'><strong>Varro</strong></span> <span class='ocrx_word' id='word_1_32' title='bbox 655 814 690 881; x_wconf 94' lang='lat' dir='ltr'><strong>in</strong></span> <span class='ocrx_word' id='word_1_33' title='bbox 712 814 811 882; x_wconf 90' lang='lat' dir='ltr'><strong>rebus</strong></span> <span class='ocrx_word' id='word_1_34' title='bbox 835 813 1039 897; x_wconf 75' lang='lat' dir='ltr'><strong>explicandis</strong></span> <span class='ocrx_word' id='word_1_35' title='bbox 1062 832 1141 883; x_wconf 90' lang='lat' dir='ltr'><strong>usus</strong></span> <span class='ocrx_word' id='word_1_36' title='bbox 1157 821 1220 899; x_wconf 86' lang='lat' dir='ltr'><strong>est,</strong></span> <span class='ocrx_word' id='word_1_37' title='bbox 1245 835 1439 899; x_wconf 89' lang='lat' dir='ltr'><strong>nonaeque</strong></span> 
     </span>
     <span class='ocr_line' id='line_1_7' title="bbox 255 919 1442 1006; baseline 0.002 -18"><span class='ocrx_word' id='word_1_38' title='bbox 255 921 362 1006; x_wconf 91' lang='lat' dir='ltr'><strong>polita</strong></span> <span class='ocrx_word' id='word_1_39' title='bbox 386 939 459 989; x_wconf 88' lang='lat' dir='ltr'><strong>esse</strong></span> <span class='ocrx_word' id='word_1_40' title='bbox 481 939 523 988; x_wconf 93' lang='lat' dir='ltr'><strong>ne</strong></span> <span class='ocrx_word' id='word_1_41' title='bbox 546 924 679 989; x_wconf 88' lang='lat' dir='ltr'><strong>veteres</strong></span> <span class='ocrx_word' id='word_1_42' title='bbox 703 920 833 1002; x_wconf 80' lang='lat' dir='ltr'><strong>qudem</strong></span> <span class='ocrx_word' id='word_1_43' title='bbox 856 919 1090 1005; x_wconf 83' lang='lat' dir='ltr'><strong>grammaticos</strong></span> <span class='ocrx_word' id='word_1_44' title='bbox 1118 920 1215 1006; x_wconf 84' lang='lat' dir='ltr'><strong>fugit.</strong></span> <span class='ocrx_word' id='word_1_45' title='bbox 1261 924 1311 990; x_wconf 90' lang='lat' dir='ltr'><strong>Ut</strong></span> <span class='ocrx_word' id='word_1_46' title='bbox 1334 943 1442 1006; x_wconf 91' lang='lat' dir='ltr'><strong>supra</strong></span> 
     </span>
     <span class='ocr_line' id='line_1_8' title="bbox 255 1027 1438 1111; baseline 0.001 -15"><span class='ocrx_word' id='word_1_47' title='bbox 255 1028 516 1105; x_wconf 81' lang='lat' dir='ltr'><strong>commemoravi,</strong></span> <span class='ocrx_word' id='word_1_48' title='bbox 539 1028 574 1095; x_wconf 94' lang='lat' dir='ltr'><strong>in</strong></span> <span class='ocrx_word' id='word_1_49' title='bbox 597 1027 770 1111; x_wconf 84' lang='lat' dir='ltr'><strong>prooemiis</strong></span> <span class='ocrx_word' id='word_1_50' title='bbox 794 1028 908 1110; x_wconf 86' lang='lat' dir='ltr'><strong>(etiam</strong></span> <span class='ocrx_word' id='word_1_51' title='bbox 924 1028 1079 1096; x_wconf 92' lang='lat' dir='ltr'><strong>librorum</strong></span> <span class='ocrx_word' id='word_1_52' title='bbox 1101 1028 1141 1096; x_wconf 91' lang='lat' dir='ltr'><strong>de</strong></span> <span class='ocrx_word' id='word_1_53' title='bbox 1157 1029 1178 1094; x_wconf 94' lang='lat' dir='ltr'><strong>l.</strong></span> <span class='ocrx_word' id='word_1_54' title='bbox 1202 1029 1237 1109; x_wconf 92' lang='lat' dir='ltr'><strong>l.)</strong></span> <span class='ocrx_word' id='word_1_55' title='bbox 1261 1030 1438 1098; x_wconf 90' lang='lat' dir='ltr'><strong>elaboran-</strong></span> 
     </span>
     <span class='ocr_line' id='line_1_9' title="bbox 255 1134 1437 1220; baseline 0 -18"><span class='ocrx_word' id='word_1_56' title='bbox 255 1136 306 1202; x_wconf 94' lang='lat' dir='ltr'><strong>dis</strong></span> <span class='ocrx_word' id='word_1_57' title='bbox 335 1154 490 1220; x_wconf 77' lang='lat' dir='ltr'><strong>magnam</strong></span> <span class='ocrx_word' id='word_1_58' title='bbox 519 1135 726 1220; x_wconf 82' lang='lat' dir='ltr'><strong>diligentiam</strong></span> <span class='ocrx_word' id='word_1_59' title='bbox 756 1155 776 1202; x_wconf 88' lang='lat' dir='ltr'><strong>a</strong></span> <span class='ocrx_word' id='word_1_60' title='bbox 804 1134 966 1217; x_wconf 85' lang='lat' dir='ltr'><strong>scriptore</strong></span> <span class='ocrx_word' id='word_1_61' title='bbox 991 1135 1148 1202; x_wconf 88' lang='lat' dir='ltr'><strong>collatam</strong></span> <span class='ocrx_word' id='word_1_62' title='bbox 1176 1154 1249 1203; x_wconf 89' lang='lat' dir='ltr'><strong>esse</strong></span> <span class='ocrx_word' id='word_1_63' title='bbox 1278 1143 1437 1220; x_wconf 81' lang='lat' dir='ltr'><strong>apparet3</strong></span> 
     </span>
     <span class='ocr_line' id='line_1_10' title="bbox 256 1241 1439 1326; baseline 0.002 -17"><span class='ocrx_word' id='word_1_64' title='bbox 256 1247 390 1309; x_wconf 87' lang='lat' dir='ltr'><strong>ceterae</strong></span> <span class='ocrx_word' id='word_1_65' title='bbox 420 1246 536 1324; x_wconf 86' lang='lat' dir='ltr'><strong>partes</strong></span> <span class='ocrx_word' id='word_1_66' title='bbox 566 1241 686 1324; x_wconf 90' lang='lat' dir='ltr'><strong>ubique</strong></span> <span class='ocrx_word' id='word_1_67' title='bbox 715 1241 894 1308; x_wconf 87' lang='lat' dir='ltr'><strong>ostendunt</strong></span> <span class='ocrx_word' id='word_1_68' title='bbox 924 1261 989 1324; x_wconf 87' lang='lat' dir='ltr'><strong>qua</strong></span> <span class='ocrx_word' id='word_1_69' title='bbox 1019 1241 1236 1310; x_wconf 82' lang='lat' dir='ltr'><strong>festinatione</strong></span> <span class='ocrx_word' id='word_1_70' title='bbox 1264 1243 1439 1326; x_wconf 86' lang='lat' dir='ltr'><strong>perlectae</strong></span> 
     </span>
     <span class='ocr_line' id='line_1_11' title="bbox 260 1346 1437 1431; baseline 0.001 -15"><span class='ocrx_word' id='word_1_71' title='bbox 260 1348 339 1416; x_wconf 91' lang='lat' dir='ltr'><strong>sint.</strong></span> <span class='ocrx_word' id='word_1_72' title='bbox 394 1346 642 1415; x_wconf 84' lang='lat' dir='ltr'><strong>Anacolutbiae</strong></span> <span class='ocrx_word' id='word_1_73' title='bbox 680 1348 767 1431; x_wconf 88' lang='lat' dir='ltr'><strong>apud</strong></span> <span class='ocrx_word' id='word_1_74' title='bbox 804 1348 927 1414; x_wconf 90' lang='lat' dir='ltr'><strong>nullum</strong></span> <span class='ocrx_word' id='word_1_75' title='bbox 965 1347 1159 1431; x_wconf 87' lang='lat' dir='ltr'><strong>scriptorem</strong></span> <span class='ocrx_word' id='word_1_76' title='bbox 1197 1349 1262 1416; x_wconf 86' lang='lat' dir='ltr'><strong>tali</strong></span> <span class='ocrx_word' id='word_1_77' title='bbox 1299 1368 1437 1418; x_wconf 87' lang='lat' dir='ltr'><strong>numero</strong></span> 
     </span>
     <span class='ocr_line' id='line_1_12' title="bbox 256 1453 1440 1541; baseline 0.001 -20"><span class='ocrx_word' id='word_1_78' title='bbox 256 1453 473 1523; x_wconf 84' lang='lat' dir='ltr'><strong>inveniuntur</strong></span> <span class='ocrx_word' id='word_1_79' title='bbox 502 1453 558 1541; x_wconf 93' lang='lat' dir='ltr'><strong>(ac</strong></span> <span class='ocrx_word' id='word_1_80' title='bbox 580 1473 622 1521; x_wconf 90' lang='lat' dir='ltr'><strong>ne</strong></span> <span class='ocrx_word' id='word_1_81' title='bbox 644 1453 679 1520; x_wconf 93' lang='lat' dir='ltr'><strong>in</strong></span> <span class='ocrx_word' id='word_1_82' title='bbox 709 1453 883 1537; x_wconf 89' lang='lat' dir='ltr'><strong>prooemiis</strong></span> <span class='ocrx_word' id='word_1_83' title='bbox 914 1453 1044 1536; x_wconf 89' lang='lat' dir='ltr'><strong>quidem</strong></span> <span class='ocrx_word' id='word_1_84' title='bbox 1067 1454 1201 1541; x_wconf 89' lang='lat' dir='ltr'><strong>desunt)</strong></span> <span class='ocrx_word' id='word_1_85' title='bbox 1225 1455 1261 1522; x_wconf 92' lang='lat' dir='ltr'><strong>id</strong></span> <span class='ocrx_word' id='word_1_86' title='bbox 1284 1457 1369 1538; x_wconf 86' lang='lat' dir='ltr'><strong>quod</strong></span> <span class='ocrx_word' id='word_1_87' title='bbox 1393 1476 1440 1524; x_wconf 89' lang='lat' dir='ltr'><strong>ex</strong></span> 
     </span>
     <span class='ocr_line' id='line_1_13' title="bbox 257 1559 1438 1646; baseline -0.003 -12"><span class='ocrx_word' id='word_1_88' title='bbox 257 1561 460 1634; x_wconf 90' lang='lat' dir='ltr'><strong>Varroniani</strong></span> <span class='ocrx_word' id='word_1_89' title='bbox 483 1561 643 1629; x_wconf 88' lang='lat' dir='ltr'><strong>sermonis</strong></span> <span class='ocrx_word' id='word_1_90' title='bbox 666 1559 775 1627; x_wconf 89' lang='lat' dir='ltr'><strong>indole</strong></span> <span class='ocrx_word' id='word_1_91' title='bbox 798 1559 898 1628; x_wconf 85' lang='lat' dir='ltr'><strong>facile</strong></span> <span class='ocrx_word' id='word_1_92' title='bbox 926 1560 1142 1646; x_wconf 82' lang='lat' dir='ltr'><strong>intelligetur.</strong></span> <span class='ocrx_word' id='word_1_93' title='bbox 1189 1563 1230 1628; x_wconf 92' lang='lat' dir='ltr'><strong>In</strong></span> <span class='ocrx_word' id='word_1_94' title='bbox 1258 1562 1438 1646; x_wconf 87' lang='lat' dir='ltr'><strong>propositi-</strong></span> 
     </span>
     <span class='ocr_line' id='line_1_14' title="bbox 255 1667 1438 1752; baseline 0.002 -16"><span class='ocrx_word' id='word_1_95' title='bbox 255 1669 372 1736; x_wconf 90' lang='lat' dir='ltr'><strong>onibus</strong></span> <span class='ocrx_word' id='word_1_96' title='bbox 396 1687 480 1750; x_wconf 87' lang='lat' dir='ltr'><strong>quae</strong></span> <span class='ocrx_word' id='word_1_97' title='bbox 504 1672 629 1735; x_wconf 89' lang='lat' dir='ltr'><strong>certum</strong></span> <span class='ocrx_word' id='word_1_98' title='bbox 653 1667 816 1750; x_wconf 89' lang='lat' dir='ltr'><strong>quendam</strong></span> <span class='ocrx_word' id='word_1_99' title='bbox 838 1667 935 1735; x_wconf 90' lang='lat' dir='ltr'><strong>finem</strong></span> <span class='ocrx_word' id='word_1_100' title='bbox 952 1668 1125 1752; x_wconf 86' lang='lat' dir='ltr'><strong>excedunt,</strong></span> <span class='ocrx_word' id='word_1_101' title='bbox 1149 1673 1352 1737; x_wconf 89' lang='lat' dir='ltr'><strong>structuram</strong></span> <span class='ocrx_word' id='word_1_102' title='bbox 1367 1690 1438 1738; x_wconf 92' lang='lat' dir='ltr'><strong>non</strong></span> 
     </span>
     <span class='ocr_line' id='line_1_15' title="bbox 254 1773 1439 1858; baseline 0 -15"><span class='ocrx_word' id='word_1_103' title='bbox 254 1777 322 1843; x_wconf 89' lang='lat' dir='ltr'><strong>iarn</strong></span> <span class='ocrx_word' id='word_1_104' title='bbox 354 1775 439 1842; x_wconf 88' lang='lat' dir='ltr'><strong>satis</strong></span> <span class='ocrx_word' id='word_1_105' title='bbox 469 1774 656 1858; x_wconf 89' lang='lat' dir='ltr'><strong>perspicere</strong></span> <span class='ocrx_word' id='word_1_106' title='bbox 686 1775 828 1843; x_wconf 84' lang='lat' dir='ltr'><strong>videtur.</strong></span> <span class='ocrx_word' id='word_1_107' title='bbox 886 1773 976 1841; x_wconf 90' lang='lat' dir='ltr'><strong>Hinc</strong></span> <span class='ocrx_word' id='word_1_108' title='bbox 1007 1774 1130 1842; x_wconf 88' lang='lat' dir='ltr'><strong>accidit</strong></span> <span class='ocrx_word' id='word_1_109' title='bbox 1160 1779 1198 1842; x_wconf 92' lang='lat' dir='ltr'><strong>ut</strong></span> <span class='ocrx_word' id='word_1_110' title='bbox 1225 1775 1439 1843; x_wconf 86' lang='lat' dir='ltr'><strong>enuntiatum</strong></span> 
     </span>
     <span class='ocr_line' id='line_1_16' title="bbox 255 1879 1439 1966; baseline 0.002 -18"><span class='ocrx_word' id='word_1_111' title='bbox 255 1881 485 1949; x_wconf 91' lang='lat' dir='ltr'><strong>secundarium</strong></span> <span class='ocrx_word' id='word_1_112' title='bbox 513 1882 584 1948; x_wconf 89' lang='lat' dir='ltr'><strong>sine</strong></span> <span class='ocrx_word' id='word_1_113' title='bbox 614 1879 771 1964; x_wconf 88' lang='lat' dir='ltr'><strong>primario</strong></span> <span class='ocrx_word' id='word_1_114' title='bbox 805 1884 942 1947; x_wconf 89' lang='lat' dir='ltr'><strong>maneat</strong></span> <span class='ocrx_word' id='word_1_115' title='bbox 970 1880 1042 1966; x_wconf 80' lang='lat' dir='ltr'><strong>(cfr.</strong></span> <span class='ocrx_word' id='word_1_116' title='bbox 1074 1881 1180 1948; x_wconf 90' lang='lat' dir='ltr'><strong>Keilii</strong></span> <span class='ocrx_word' id='word_1_117' title='bbox 1212 1901 1323 1949; x_wconf 86' lang='lat' dir='ltr'><strong>comm.</strong></span> <span class='ocrx_word' id='word_1_118' title='bbox 1348 1883 1439 1950; x_wconf 87' lang='lat' dir='ltr'><strong>adI</strong></span> 
     </span>
     <span class='ocr_line' id='line_1_17' title="bbox 258 1986 1437 2071; baseline 0.002 -19"><span class='ocrx_word' id='word_1_119' title='bbox 258 1990 333 2071; x_wconf 87' lang='lat'>1,2)‚</span> <span class='ocrx_word' id='word_1_120' title='bbox 349 1992 387 2055; x_wconf 93' lang='lat' dir='ltr'><strong>ut</strong></span> <span class='ocrx_word' id='word_1_121' title='bbox 395 1987 582 2071; x_wconf 87' lang='lat' dir='ltr'><strong>particulae</strong></span> <span class='ocrx_word' id='word_1_122' title='bbox 590 1986 1084 2069; x_wconf 86' lang='lat' dir='ltr'><strong>correlativaenonrespondeat</strong></span> <span class='ocrx_word' id='word_1_123' title='bbox 1095 1987 1205 2054; x_wconf 89' lang='lat' dir='ltr'><strong>altera</strong></span> <span class='ocrx_word' id='word_1_124' title='bbox 1217 1989 1437 2071; x_wconf 55' lang='lat' dir='ltr'><strong>(Humorem</strong></span> 
     </span>
     <span class='ocr_line' id='line_1_18' title="bbox 255 2094 1435 2179; baseline 0.001 -20"><span class='ocrx_word' id='word_1_125' title='bbox 255 2100 285 2160; x_wconf 85' lang='lat' dir='ltr'><strong>et</strong></span> <span class='ocrx_word' id='word_1_126' title='bbox 302 2095 357 2179; x_wconf 81' lang='lat' dir='ltr'><strong>qui</strong></span> <span class='ocrx_word' id='word_1_127' title='bbox 373 2100 474 2177; x_wconf 82' lang='lat' dir='ltr'><strong>porat</strong></span> <span class='ocrx_word' id='word_1_128' title='bbox 497 2147 527 2161; x_wconf 92' lang='lat'><strong>..</strong></span> <span class='ocrx_word' id='word_1_129' title='bbox 546 2099 712 2176; x_wconf 67' lang='lat' dir='ltr'><strong>praeduce</strong></span> <span class='ocrx_word' id='word_1_130' title='bbox 738 2144 744 2159; x_wconf 93' lang='lat'><strong>.</strong></span> <span class='ocrx_word' id='word_1_131' title='bbox 772 2119 797 2175; x_wconf 91' lang='lat'><strong>.;</strong></span> <span class='ocrx_word' id='word_1_132' title='bbox 826 2095 858 2163; x_wconf 91' lang='lat' dir='ltr'>V</span> <span class='ocrx_word' id='word_1_133' title='bbox 885 2099 945 2157; x_wconf 84' lang='lat'><strong>103</strong></span> <span class='ocrx_word' id='word_1_134' title='bbox 974 2094 1061 2173; x_wconf 74' lang='lat' dir='ltr'><strong>Quae</strong></span> <span class='ocrx_word' id='word_1_135' title='bbox 1087 2094 1123 2158; x_wconf 79' lang='lat' dir='ltr'><strong>ia</strong></span> <span class='ocrx_word' id='word_1_136' title='bbox 1145 2095 1223 2158; x_wconf 82' lang='lat' dir='ltr'><strong>ortis</strong></span> <span class='ocrx_word' id='word_1_137' title='bbox 1245 2101 1435 2173; x_wconf 77' lang='lat' dir='ltr'><strong>nascautur,</strong></span> 
     </span>
     <span class='ocr_line' id='line_1_19' title="bbox 255 2200 1437 2287; baseline 0.002 -20"><span class='ocrx_word' id='word_1_138' title='bbox 255 2200 321 2267; x_wconf 80' lang='lat' dir='ltr'><strong>olio</strong></span> <span class='ocrx_word' id='word_1_139' title='bbox 354 2202 533 2285; x_wconf 79' lang='lat' dir='ltr'><strong>perepriar&#39;s</strong></span> <span class='ocrx_word' id='word_1_140' title='bbox 564 2201 722 2267; x_wconf 79' lang='lat' dir='ltr'><strong>vocabulis</strong></span> <span class='ocrx_word' id='word_1_141' title='bbox 752 2207 788 2265; x_wconf 82' lang='lat' dir='ltr'><strong>ut</strong></span> <span class='ocrx_word' id='word_1_142' title='bbox 817 2201 940 2283; x_wconf 79' lang='lat' dir='ltr'><strong>praecis</strong></span> <span class='ocrx_word' id='word_1_143' title='bbox 970 2249 977 2262; x_wconf 89' lang='lat'><strong>.</strong></span> <span class='ocrx_word' id='word_1_144' title='bbox 1004 2250 1010 2264; x_wconf 94' lang='lat'><strong>.</strong></span> <span class='ocrx_word' id='word_1_145' title='bbox 1037 2250 1044 2265; x_wconf 91' lang='lat'><strong>.</strong></span> <span class='ocrx_word' id='word_1_146' title='bbox 1076 2200 1252 2266; x_wconf 78' lang='lat' dir='ltr'><strong>Vernaculo</strong></span> <span class='ocrx_word' id='word_1_147' title='bbox 1291 2207 1437 2287; x_wconf 90' lang='lat' dir='ltr'><strong>..etc.)</strong></span> 
     </span>
     <span class='ocr_line' id='line_1_20' title="bbox 255 2307 1436 2391; baseline 0.001 -16"><span class='ocrx_word' id='word_1_148' title='bbox 255 2307 424 2376; x_wconf 77' lang='lat' dir='ltr'><strong>Cohaeret</strong></span> <span class='ocrx_word' id='word_1_149' title='bbox 453 2328 525 2375; x_wconf 92' lang='lat' dir='ltr'><strong>cum</strong></span> <span class='ocrx_word' id='word_1_150' title='bbox 558 2329 598 2375; x_wconf 88' lang='lat' dir='ltr'><strong>ea</strong></span> <span class='ocrx_word' id='word_1_151' title='bbox 621 2328 657 2375; x_wconf 94' lang='lat' dir='ltr'><strong>re</strong></span> <span class='ocrx_word' id='word_1_152' title='bbox 681 2308 766 2391; x_wconf 85' lang='lat' dir='ltr'><strong>quod</strong></span> <span class='ocrx_word' id='word_1_153' title='bbox 795 2311 970 2391; x_wconf 88' lang='lat' dir='ltr'><strong>postquam</strong></span> <span class='ocrx_word' id='word_1_154' title='bbox 998 2307 1159 2390; x_wconf 90' lang='lat' dir='ltr'><strong>quaedam</strong></span> <span class='ocrx_word' id='word_1_155' title='bbox 1184 2307 1360 2376; x_wconf 88' lang='lat' dir='ltr'><strong>enuntiata</strong></span> <span class='ocrx_word' id='word_1_156' title='bbox 1383 2308 1436 2376; x_wconf 92' lang='lat' dir='ltr'><strong>in-</strong></span> 
     </span>
     <span class='ocr_line' id='line_1_21' title="bbox 256 2413 1434 2490; baseline 0.003 -9"><span class='ocrx_word' id='word_1_157' title='bbox 256 2413 386 2481; x_wconf 86' lang='lat' dir='ltr'><strong>ferioris</strong></span> <span class='ocrx_word' id='word_1_158' title='bbox 419 2414 542 2482; x_wconf 86' lang='lat' dir='ltr'><strong>ordinis</strong></span> <span class='ocrx_word' id='word_1_159' title='bbox 573 2415 778 2482; x_wconf 86' lang='lat' dir='ltr'><strong>intercalata</strong></span> <span class='ocrx_word' id='word_1_160' title='bbox 801 2420 889 2490; x_wconf 91' lang='lat' dir='ltr'><strong>sunt,</strong></span> <span class='ocrx_word' id='word_1_161' title='bbox 922 2418 1092 2481; x_wconf 90' lang='lat' dir='ltr'><strong>structura</strong></span> <span class='ocrx_word' id='word_1_162' title='bbox 1115 2414 1149 2481; x_wconf 92' lang='lat' dir='ltr'><strong>in</strong></span> <span class='ocrx_word' id='word_1_163' title='bbox 1172 2418 1316 2482; x_wconf 91' lang='lat' dir='ltr'><strong>mentem</strong></span> <span class='ocrx_word' id='word_1_164' title='bbox 1339 2434 1434 2484; x_wconf 86' lang='lat' dir='ltr'><strong>revo-</strong></span> 
     </span>
     <span class='ocr_line' id='line_1_22' title="bbox 255 2520 1435 2604; baseline 0.001 -16"><span class='ocrx_word' id='word_1_165' title='bbox 255 2526 353 2588; x_wconf 91' lang='lat' dir='ltr'><strong>catur</strong></span> <span class='ocrx_word' id='word_1_166' title='bbox 390 2520 537 2603; x_wconf 88' lang='lat' dir='ltr'><strong>repetita</strong></span> <span class='ocrx_word' id='word_1_167' title='bbox 573 2540 613 2587; x_wconf 90' lang='lat' dir='ltr'><strong>ea</strong></span> <span class='ocrx_word' id='word_1_168' title='bbox 647 2539 727 2589; x_wconf 82' lang='lat' dir='ltr'><strong>voce</strong></span> <span class='ocrx_word' id='word_1_169' title='bbox 764 2540 829 2602; x_wconf 86' lang='lat' dir='ltr'><strong>qua</strong></span> <span class='ocrx_word' id='word_1_170' title='bbox 860 2520 903 2587; x_wconf 86' lang='lat' dir='ltr'><strong>ad</strong></span> <span class='ocrx_word' id='word_1_171' title='bbox 933 2520 1196 2604; x_wconf 88' lang='lat' dir='ltr'><strong>perspiciendam</strong></span> <span class='ocrx_word' id='word_1_172' title='bbox 1230 2525 1435 2589; x_wconf 89' lang='lat' dir='ltr'><strong>structuram</strong></span> 
     </span>
     <span class='ocr_line' id='line_1_23' title="bbox 253 2627 1433 2711; baseline 0.003 -18"><span class='ocrx_word' id='word_1_173' title='bbox 253 2627 360 2694; x_wconf 90' lang='lat' dir='ltr'><strong>careri</strong></span> <span class='ocrx_word' id='word_1_174' title='bbox 390 2645 455 2694; x_wconf 90' lang='lat' dir='ltr'><strong>non</strong></span> <span class='ocrx_word' id='word_1_175' title='bbox 484 2631 598 2710; x_wconf 90' lang='lat' dir='ltr'><strong>potest</strong></span> <span class='ocrx_word' id='word_1_176' title='bbox 621 2627 713 2696; x_wconf 88' lang='lat' dir='ltr'><strong>velut</strong></span> <span class='ocrx_word' id='word_1_177' title='bbox 736 2630 756 2695; x_wconf 91' lang='grc' dir='ltr'>Ι</span> <span class='ocrx_word' id='word_1_178' title='bbox 781 2633 832 2711; x_wconf 83' lang='grc'><strong>1,2</strong></span> <span class='ocrx_word' id='word_1_179' title='bbox 856 2635 892 2692; x_wconf 81' lang='lat' dir='ltr'><strong>ct</strong></span> <span class='ocrx_word' id='word_1_180' title='bbox 908 2678 915 2691; x_wconf 91' lang='lat'><strong>.</strong></span> <span class='ocrx_word' id='word_1_181' title='bbox 934 2681 964 2695; x_wconf 88' lang='lat'><strong>..</strong></span> <span class='ocrx_word' id='word_1_182' title='bbox 987 2633 1024 2692; x_wconf 82' lang='lat' dir='ltr'><strong>ot</strong></span> <span class='ocrx_word' id='word_1_183' title='bbox 1048 2681 1054 2692; x_wconf 92' lang='lat'><strong>.</strong></span> <span class='ocrx_word' id='word_1_184' title='bbox 1081 2677 1087 2692; x_wconf 95' lang='lat'><strong>.</strong></span> <span class='ocrx_word' id='word_1_185' title='bbox 1114 2653 1136 2711; x_wconf 88' lang='lat'><strong>.;</strong></span> <span class='ocrx_word' id='word_1_186' title='bbox 1161 2629 1253 2700; x_wconf 86' lang='lat' dir='ltr'><strong>VHI</strong></span> <span class='ocrx_word' id='word_1_187' title='bbox 1279 2635 1317 2693; x_wconf 87' lang='lat'><strong>17</strong></span> <span class='ocrx_word' id='word_1_188' title='bbox 1345 2635 1433 2697; x_wconf 86' lang='lat' dir='ltr'><strong>extr.</strong></span> 
     </span>
     <span class='ocr_line' id='line_1_24' title="bbox 255 2732 1434 2820; baseline 0.001 -19"><span class='ocrx_word' id='word_1_189' title='bbox 255 2733 325 2817; x_wconf 86' lang='lat' dir='ltr'><strong>(cfr.</strong></span> <span class='ocrx_word' id='word_1_190' title='bbox 354 2732 538 2813; x_wconf 87' lang='lat' dir='ltr'><strong>Hofmann,</strong></span> <span class='ocrx_word' id='word_1_191' title='bbox 579 2735 647 2802; x_wconf 83' lang='lat' dir='ltr'><strong>Oic.</strong></span> <span class='ocrx_word' id='word_1_192' title='bbox 676 2735 739 2818; x_wconf 82' lang='lat' dir='ltr'><strong>up.</strong></span> <span class='ocrx_word' id='word_1_193' title='bbox 768 2736 788 2802; x_wconf 96' lang='lat' dir='ltr'>I</span> <span class='ocrx_word' id='word_1_194' title='bbox 815 2754 845 2818; x_wconf 92' lang='lat' dir='ltr'><strong>p.</strong></span> <span class='ocrx_word' id='word_1_195' title='bbox 877 2733 947 2820; x_wconf 86' lang='lat'>61);</span> <span class='ocrx_word' id='word_1_196' title='bbox 980 2736 1020 2802; x_wconf 94' lang='lat' dir='ltr'><strong>II</strong></span> <span class='ocrx_word' id='word_1_197' title='bbox 1049 2741 1100 2819; x_wconf 84' lang='lat'><strong>9,2</strong></span> <span class='ocrx_word' id='word_1_198' title='bbox 1129 2736 1284 2801; x_wconf 74' lang='lat' dir='ltr'><strong>motmunt</strong></span> <span class='ocrx_word' id='word_1_199' title='bbox 1309 2757 1434 2820; x_wconf 78' lang='lat' dir='ltr'><strong>propera</strong></span> 
     </span>
     <span class='ocr_line' id='line_1_25' title="bbox 254 2842 1433 2926; baseline 0.005 -20"><span class='ocrx_word' id='word_1_200' title='bbox 254 2861 324 2906; x_wconf 83' lang='lat' dir='ltr'><strong>oum</strong></span> <span class='ocrx_word' id='word_1_201' title='bbox 349 2894 355 2908; x_wconf 94' lang='lat'><strong>.</strong></span> <span class='ocrx_word' id='word_1_202' title='bbox 383 2893 389 2906; x_wconf 92' lang='lat'><strong>.</strong></span> <span class='ocrx_word' id='word_1_203' title='bbox 415 2891 422 2906; x_wconf 95' lang='lat'><strong>.</strong></span> <span class='ocrx_word' id='word_1_204' title='bbox 447 2842 548 2908; x_wconf 84' lang='lat' dir='ltr'><strong>mulos</strong></span> <span class='ocrx_word' id='word_1_205' title='bbox 571 2891 580 2908; x_wconf 91' lang='lat'><strong>.</strong></span> <span class='ocrx_word' id='word_1_206' title='bbox 606 2891 613 2905; x_wconf 92' lang='lat'><strong>.</strong></span> <span class='ocrx_word' id='word_1_207' title='bbox 639 2893 646 2910; x_wconf 89' lang='lat'><strong>.</strong></span> <span class='ocrx_word' id='word_1_208' title='bbox 671 2847 748 2925; x_wconf 88' lang='lat' dir='ltr'><strong>etc.;</strong></span> <span class='ocrx_word' id='word_1_209' title='bbox 784 2842 917 2926; x_wconf 90' lang='lat' dir='ltr'><strong>saepius</strong></span> <span class='ocrx_word' id='word_1_210' title='bbox 952 2847 1064 2909; x_wconf 90' lang='lat' dir='ltr'><strong>autem</strong></span> <span class='ocrx_word' id='word_1_211' title='bbox 1097 2843 1244 2925; x_wconf 89' lang='lat' dir='ltr'><strong>repetita</strong></span> <span class='ocrx_word' id='word_1_212' title='bbox 1279 2861 1320 2910; x_wconf 86' lang='lat' dir='ltr'><strong>ea</strong></span> <span class='ocrx_word' id='word_1_213' title='bbox 1349 2863 1433 2912; x_wconf 88' lang='lat' dir='ltr'><strong>voce</strong></span> 
     </span>
     <span class='ocr_line' id='line_1_26' title="bbox 254 2947 842 3018; baseline 0.003 -5"><span class='ocrx_word' id='word_1_214' title='bbox 254 2947 352 3014; x_wconf 92' lang='lat' dir='ltr'><strong>simul</strong></span> <span class='ocrx_word' id='word_1_215' title='bbox 375 2953 525 3016; x_wconf 89' lang='lat' dir='ltr'><strong>mutatur</strong></span> <span class='ocrx_word' id='word_1_216' title='bbox 546 2953 716 3017; x_wconf 87' lang='lat' dir='ltr'><strong>structura</strong></span> <span class='ocrx_word' id='word_1_217' title='bbox 734 2949 842 3018; x_wconf 81' lang='lat' dir='ltr'><strong>volut:</strong></span> 
     </span>
    </p>

    <p class='ocr_par' dir='ltr' id='par_1_4' title="bbox 256 3053 1434 3564">
     <span class='ocr_line' id='line_1_27' title="bbox 348 3053 1432 3141; baseline -0.002 -17"><span class='ocrx_word' id='word_1_218' title='bbox 348 3055 400 3124; x_wconf 90' lang='lat' dir='ltr'><strong>VI</strong></span> <span class='ocrx_word' id='word_1_219' title='bbox 426 3061 466 3118; x_wconf 83' lang='lat'><strong>72</strong></span> <span class='ocrx_word' id='word_1_220' title='bbox 490 3055 604 3136; x_wconf 79' lang='lat' dir='ltr'><strong>Itaque</strong></span> <span class='ocrx_word' id='word_1_221' title='bbox 626 3056 655 3120; x_wconf 81' lang='lat' dir='ltr'><strong>is</strong></span> <span class='ocrx_word' id='word_1_222' title='bbox 678 3057 732 3136; x_wconf 76' lang='lat' dir='ltr'><strong>poi</strong></span> <span class='ocrx_word' id='word_1_223' title='bbox 840 3075 910 3120; x_wconf 82' lang='lat' dir='ltr'><strong>coru</strong></span> <span class='ocrx_word' id='word_1_224' title='bbox 933 3077 966 3120; x_wconf 87' lang='lat' dir='ltr'><strong>eo</strong></span> <span class='ocrx_word' id='word_1_225' title='bbox 991 3103 1024 3119; x_wconf 91' lang='lat'><strong>..</strong></span> <span class='ocrx_word' id='word_1_226' title='bbox 1051 3053 1109 3138; x_wconf 89' lang='lat' dir='ltr'><strong>[sic</strong></span> <span class='ocrx_word' id='word_1_227' title='bbox 1133 3055 1278 3141; x_wconf 84' lang='lat' dir='ltr'><strong>Spengel</strong></span> <span class='ocrx_word' id='word_1_228' title='bbox 1301 3075 1359 3138; x_wconf 88' lang='lat' dir='ltr'><strong>pro</strong></span> <span class='ocrx_word' id='word_1_229' title='bbox 1376 3056 1432 3122; x_wconf 80' lang='lat' dir='ltr'><strong>Ita</strong></span> 
     </span>
     <span class='ocr_line' id='line_1_28' title="bbox 258 3157 1434 3248; baseline 0.003 -24"><span class='ocrx_word' id='word_1_230' title='bbox 258 3160 329 3245; x_wconf 79' lang='lat' dir='ltr'><strong>quis</strong></span> <span class='ocrx_word' id='word_1_231' title='bbox 352 3161 406 3242; x_wconf 77' lang='lat' dir='ltr'><strong>qai</strong></span> <span class='ocrx_word' id='word_1_232' title='bbox 429 3157 492 3248; x_wconf 86' lang='lat'><strong>..];</strong></span> <span class='ocrx_word' id='word_1_233' title='bbox 516 3161 574 3227; x_wconf 91' lang='lat' dir='ltr'><strong>IX</strong></span> <span class='ocrx_word' id='word_1_234' title='bbox 600 3166 638 3224; x_wconf 84' lang='lat'><strong>51</strong></span> <span class='ocrx_word' id='word_1_235' title='bbox 664 3161 712 3226; x_wconf 79' lang='lat' dir='ltr'><strong>Hi</strong></span> <span class='ocrx_word' id='word_1_236' title='bbox 734 3182 771 3226; x_wconf 85' lang='lat' dir='ltr'><strong>eo</strong></span> <span class='ocrx_word' id='word_1_237' title='bbox 794 3182 872 3243; x_wconf 76' lang='lat' dir='ltr'><strong>qaae</strong></span> <span class='ocrx_word' id='word_1_238' title='bbox 897 3208 929 3227; x_wconf 92' lang='lat'><strong>..</strong></span> <span class='ocrx_word' id='word_1_239' title='bbox 949 3167 1094 3244; x_wconf 78' lang='lat' dir='ltr'><strong>possunt,</strong></span> <span class='ocrx_word' id='word_1_240' title='bbox 1127 3181 1232 3227; x_wconf 82' lang='lat' dir='ltr'><strong>eorum</strong></span> <span class='ocrx_word' id='word_1_241' title='bbox 1255 3161 1434 3228; x_wconf 79' lang='lat' dir='ltr'><strong>declinatus</strong></span> 
     </span>
     <span class='ocr_line' id='line_1_29' title="bbox 257 3267 1433 3353; baseline 0.003 -22"><span class='ocrx_word' id='word_1_242' title='bbox 257 3267 443 3353; x_wconf 76' lang='lat' dir='ltr'><strong>requiruut;</strong></span> <span class='ocrx_word' id='word_1_243' title='bbox 472 3269 530 3334; x_wconf 94' lang='lat' dir='ltr'><strong>IX</strong></span> <span class='ocrx_word' id='word_1_244' title='bbox 555 3274 595 3334; x_wconf 85' lang='grc'><strong>78</strong></span> <span class='ocrx_word' id='word_1_245' title='bbox 619 3273 656 3332; x_wconf 81' lang='lat' dir='ltr'><strong>ut</strong></span> <span class='ocrx_word' id='word_1_246' title='bbox 684 3268 778 3352; x_wconf 79' lang='lat' dir='ltr'><strong>sipon</strong></span> <span class='ocrx_word' id='word_1_247' title='bbox 808 3289 887 3351; x_wconf 76' lang='lat' dir='ltr'><strong>quoe</strong></span> <span class='ocrx_word' id='word_1_248' title='bbox 917 3289 980 3334; x_wconf 81' lang='lat' dir='ltr'><strong>ooo</strong></span> <span class='ocrx_word' id='word_1_249' title='bbox 1009 3268 1121 3333; x_wconf 80' lang='lat' dir='ltr'><strong>habeut</strong></span> <span class='ocrx_word' id='word_1_250' title='bbox 1151 3273 1245 3350; x_wconf 74' lang='lat' dir='ltr'><strong>copul</strong></span> <span class='ocrx_word' id='word_1_251' title='bbox 1350 3269 1433 3335; x_wconf 79' lang='lat' dir='ltr'><strong>cibi-</strong></span> 
     </span>
     <span class='ocr_line' id='line_1_30' title="bbox 257 3374 1432 3459; baseline 0.003 -21"><span class='ocrx_word' id='word_1_252' title='bbox 257 3374 393 3440; x_wconf 81' lang='lat' dir='ltr'><strong>lomo‘nos</strong></span> <span class='ocrx_word' id='word_1_253' title='bbox 407 3375 443 3441; x_wconf 84' lang='grc' dir='ltr'><strong>ιἰι</strong></span> <span class='ocrx_word' id='word_1_254' title='bbox 457 3376 587 3459; x_wconf 79' lang='lat' dir='ltr'><strong>reliquis</strong></span> <span class='ocrx_word' id='word_1_255' title='bbox 602 3375 748 3441; x_wconf 81' lang='lat' dir='ltr'><strong>membris</strong></span> <span class='ocrx_word' id='word_1_256' title='bbox 764 3395 870 3441; x_wconf 82' lang='lat' dir='ltr'><strong>eorum</strong></span> <span class='ocrx_word' id='word_1_257' title='bbox 885 3395 952 3440; x_wconf 83' lang='lat' dir='ltr'><strong>esse</strong></span> <span class='ocrx_word' id='word_1_258' title='bbox 962 3375 1287 3459; x_wconf 68' lang='lat' dir='ltr'><strong>prosperantesque,</strong></span> <span class='ocrx_word' id='word_1_259' title='bbox 1303 3375 1350 3440; x_wconf 82' lang='lat' dir='ltr'><strong>sic</strong></span> <span class='ocrx_word' id='word_1_260' title='bbox 1366 3379 1432 3442; x_wconf 89' lang='lat' dir='ltr'><strong>etc.</strong></span> 
     </span>
     <span class='ocr_line' id='line_1_31' title="bbox 256 3479 1078 3564; baseline 0 -17"><span class='ocrx_word' id='word_1_261' title='bbox 256 3479 325 3547; x_wconf 85' lang='lat' dir='ltr'><strong>Ofr.</strong></span> <span class='ocrx_word' id='word_1_262' title='bbox 350 3480 521 3548; x_wconf 87' lang='lat' dir='ltr'><strong>Hofmann</strong></span> <span class='ocrx_word' id='word_1_263' title='bbox 546 3481 614 3548; x_wconf 83' lang='lat' dir='ltr'><strong>Oic.</strong></span> <span class='ocrx_word' id='word_1_264' title='bbox 638 3483 701 3564; x_wconf 82' lang='lat' dir='ltr'><strong>Ep.</strong></span> <span class='ocrx_word' id='word_1_265' title='bbox 725 3483 745 3548; x_wconf 93' lang='lat' dir='ltr'>I</span> <span class='ocrx_word' id='word_1_266' title='bbox 767 3501 797 3564; x_wconf 93' lang='lat' dir='ltr'><strong>p.</strong></span> <span class='ocrx_word' id='word_1_267' title='bbox 823 3487 863 3545; x_wconf 86' lang='grc'><strong>97</strong></span> <span class='ocrx_word' id='word_1_268' title='bbox 889 3486 924 3548; x_wconf 90' lang='lat' dir='ltr'><strong>et</strong></span> <span class='ocrx_word' id='word_1_269' title='bbox 947 3503 979 3563; x_wconf 89' lang='lat' dir='ltr'><strong>p.</strong></span> <span class='ocrx_word' id='word_1_270' title='bbox 1008 3485 1078 3547; x_wconf 86' lang='lat'><strong>138.</strong></span> 
     </span>
    </p>

    <p class='ocr_par' dir='ltr' id='par_1_5' title="bbox 254 3587 1431 3886">
     <span class='ocr_line' id='line_1_32' title="bbox 344 3587 1428 3670; baseline 0.002 -16"><span class='ocrx_word' id='word_1_271' title='bbox 344 3587 420 3654; x_wconf 87' lang='lat' dir='ltr'><strong>Non</strong></span> <span class='ocrx_word' id='word_1_272' title='bbox 445 3606 525 3670; x_wconf 91' lang='lat' dir='ltr'><strong>opus</strong></span> <span class='ocrx_word' id='word_1_273' title='bbox 548 3592 601 3655; x_wconf 89' lang='lat' dir='ltr'><strong>est</strong></span> <span class='ocrx_word' id='word_1_274' title='bbox 623 3607 772 3655; x_wconf 89' lang='lat' dir='ltr'><strong>moneam</strong></span> <span class='ocrx_word' id='word_1_275' title='bbox 802 3589 889 3654; x_wconf 88' lang='lat' dir='ltr'><strong>hanc</strong></span> <span class='ocrx_word' id='word_1_276' title='bbox 915 3607 984 3656; x_wconf 90' lang='lat' dir='ltr'><strong>rem</strong></span> <span class='ocrx_word' id='word_1_277' title='bbox 1014 3588 1103 3654; x_wconf 92' lang='lat' dir='ltr'><strong>inter</strong></span> <span class='ocrx_word' id='word_1_278' title='bbox 1131 3605 1188 3654; x_wconf 90' lang='lat' dir='ltr'><strong>eas</strong></span> <span class='ocrx_word' id='word_1_279' title='bbox 1212 3605 1285 3655; x_wconf 88' lang='lat' dir='ltr'><strong>esse</strong></span> <span class='ocrx_word' id='word_1_280' title='bbox 1310 3589 1428 3669; x_wconf 88' lang='lat' dir='ltr'><strong>quibus</strong></span> 
     </span>
     <span class='ocr_line' id='line_1_33' title="bbox 254 3689 1431 3783; baseline 0.004 -26"><span class='ocrx_word' id='word_1_281' title='bbox 254 3696 390 3774; x_wconf 90' lang='lat' dir='ltr'><strong>praeter</strong></span> <span class='ocrx_word' id='word_1_282' title='bbox 420 3698 533 3761; x_wconf 88' lang='lat' dir='ltr'><strong>cetera</strong></span> <span class='ocrx_word' id='word_1_283' title='bbox 566 3693 731 3783; x_wconf 80' lang='lat' dir='ltr'><strong>efficiatur</strong></span> <span class='ocrx_word' id='word_1_284' title='bbox 760 3699 799 3762; x_wconf 90' lang='lat' dir='ltr'><strong>ut</strong></span> <span class='ocrx_word' id='word_1_285' title='bbox 829 3713 935 3761; x_wconf 89' lang='lat' dir='ltr'><strong>sermo</strong></span> <span class='ocrx_word' id='word_1_286' title='bbox 959 3694 1120 3765; x_wconf 86' lang='lat' dir='ltr'><strong>Varronis</strong></span> <span class='ocrx_word' id='word_1_287' title='bbox 1152 3689 1250 3777; x_wconf 70' lang='lat' dir='ltr'><strong>&#39;quam</strong></span> <span class='ocrx_word' id='word_1_288' title='bbox 1283 3696 1431 3778; x_wconf 87' lang='lat' dir='ltr'><strong>proxime</strong></span> 
     </span>
     <span class='ocr_line' id='line_1_34' title="bbox 256 3797 1430 3886; baseline 0.005 -23"><span class='ocrx_word' id='word_1_289' title='bbox 256 3797 397 3864; x_wconf 87' lang='lat' dir='ltr'><strong>accedat</strong></span> <span class='ocrx_word' id='word_1_290' title='bbox 410 3798 453 3865; x_wconf 90' lang='lat' dir='ltr'><strong>ad</strong></span> <span class='ocrx_word' id='word_1_291' title='bbox 465 3800 653 3867; x_wconf 89' lang='lat' dir='ltr'><strong>cotidianae</strong></span> <span class='ocrx_word' id='word_1_292' title='bbox 670 3800 915 3868; x_wconf 87' lang='lat' dir='ltr'><strong>consuetudinis</strong></span> <span class='ocrx_word' id='word_1_293' title='bbox 931 3801 1094 3869; x_wconf 91' lang='lat' dir='ltr'><strong>rationem</strong></span> <span class='ocrx_word' id='word_1_294' title='bbox 1110 3801 1247 3869; x_wconf 89' lang='lat' dir='ltr'><strong>dicendi.</strong></span> <span class='ocrx_word' id='word_1_295' title='bbox 1272 3799 1430 3886; x_wconf 80' lang='lat' dir='ltr'><strong>Augetur</strong></span> 
     </span>
    </p>
   </div>
   <div class='ocr_carea' id='block_1_3' title="bbox 254 3905 1449 4527">
    <p class='ocr_par' dir='ltr' id='par_1_6' title="bbox 254 3905 1449 4527">
     <span class='ocr_line' id='line_1_35' title="bbox 256 3905 1429 3992; baseline 0.003 -20"><span class='ocrx_word' id='word_1_296' title='bbox 256 3908 369 3972; x_wconf 88' lang='lat' dir='ltr'><strong>autem</strong></span> <span class='ocrx_word' id='word_1_297' title='bbox 397 3905 481 3972; x_wconf 91' lang='lat' dir='ltr'><strong>baec</strong></span> <span class='ocrx_word' id='word_1_298' title='bbox 503 3908 661 3974; x_wconf 88' lang='lat' dir='ltr'><strong>sermonis</strong></span> <span class='ocrx_word' id='word_1_299' title='bbox 685 3908 881 3992; x_wconf 90' lang='lat' dir='ltr'><strong>simplicitas</strong></span> <span class='ocrx_word' id='word_1_300' title='bbox 906 3928 946 3976; x_wconf 91' lang='lat' dir='ltr'><strong>ea</strong></span> <span class='ocrx_word' id='word_1_301' title='bbox 968 3927 1005 3975; x_wconf 87' lang='lat' dir='ltr'><strong>re</strong></span> <span class='ocrx_word' id='word_1_302' title='bbox 1021 3909 1107 3990; x_wconf 84' lang='lat' dir='ltr'><strong>quod</strong></span> <span class='ocrx_word' id='word_1_303' title='bbox 1130 3909 1272 3992; x_wconf 90' lang='lat' dir='ltr'><strong>scriptor</strong></span> <span class='ocrx_word' id='word_1_304' title='bbox 1296 3914 1429 3976; x_wconf 90' lang='lat' dir='ltr'><strong>senten·</strong></span> 
     </span>
     <span class='ocr_line' id='line_1_36' title="bbox 256 4010 1430 4091; baseline 0.003 -14"><span class='ocrx_word' id='word_1_305' title='bbox 256 4011 325 4079; x_wconf 90' lang='lat' dir='ltr'><strong>tias</strong></span> <span class='ocrx_word' id='word_1_306' title='bbox 349 4010 504 4079; x_wconf 88' lang='lat' dir='ltr'><strong>celeriter</strong></span> <span class='ocrx_word' id='word_1_307' title='bbox 520 4013 657 4080; x_wconf 88' lang='lat' dir='ltr'><strong>chartae</strong></span> <span class='ocrx_word' id='word_1_308' title='bbox 674 4015 834 4082; x_wconf 86' lang='lat' dir='ltr'><strong>mandans</strong></span> <span class='ocrx_word' id='word_1_309' title='bbox 857 4035 922 4087; x_wconf 86' lang='lat' dir='ltr'><strong>non</strong></span> <span class='ocrx_word' id='word_1_310' title='bbox 944 4015 1044 4083; x_wconf 90' lang='lat' dir='ltr'><strong>anxie</strong></span> <span class='ocrx_word' id='word_1_311' title='bbox 1060 4015 1215 4091; x_wconf 83' lang='lat' dir='ltr'><strong>evitavit,</strong></span> <span class='ocrx_word' id='word_1_312' title='bbox 1240 4033 1281 4081; x_wconf 91' lang='lat' dir='ltr'><strong>ne</strong></span> <span class='ocrx_word' id='word_1_313' title='bbox 1305 4013 1430 4082; x_wconf 89' lang='lat' dir='ltr'><strong>similes</strong></span> 
     </span>
     <span class='ocr_line' id='line_1_37' title="bbox 255 4118 1449 4212; baseline 0.003 -27"><span class='ocrx_word' id='word_1_314' title='bbox 255 4137 310 4186; x_wconf 87' lang='lat' dir='ltr'><strong>res</strong></span> <span class='ocrx_word' id='word_1_315' title='bbox 341 4118 502 4187; x_wconf 89' lang='lat' dir='ltr'><strong>similibus</strong></span> <span class='ocrx_word' id='word_1_316' title='bbox 530 4119 640 4187; x_wconf 83' lang='lat' dir='ltr'><strong>verbis</strong></span> <span class='ocrx_word' id='word_1_317' title='bbox 664 4121 872 4203; x_wconf 88' lang='lat' dir='ltr'><strong>exprimeret.</strong></span> <span class='ocrx_word' id='word_1_318' title='bbox 917 4123 1034 4204; x_wconf 87' lang='lat' dir='ltr'><strong>Neque</strong></span> <span class='ocrx_word' id='word_1_319' title='bbox 1066 4121 1155 4212; x_wconf 78' lang='lat' dir='ltr'><strong>enim</strong></span> <span class='ocrx_word' id='word_1_320' title='bbox 1183 4121 1286 4189; x_wconf 93' lang='lat' dir='ltr'><strong>solum</strong></span> <span class='ocrx_word' id='word_1_321' title='bbox 1310 4119 1449 4188; x_wconf 82' lang='lat' dir='ltr'><strong>similis·</strong></span> 
     </span>
     <span class='ocr_line' id='line_1_38' title="bbox 255 4224 1429 4313; baseline 0.003 -23"><span class='ocrx_word' id='word_1_322' title='bbox 255 4224 430 4292; x_wconf 89' lang='lat' dir='ltr'><strong>collocatio</strong></span> <span class='ocrx_word' id='word_1_323' title='bbox 458 4226 630 4295; x_wconf 85' lang='lat' dir='ltr'><strong>verborum</strong></span> <span class='ocrx_word' id='word_1_324' title='bbox 659 4245 758 4310; x_wconf 89' lang='lat' dir='ltr'><strong>saepe</strong></span> <span class='ocrx_word' id='word_1_325' title='bbox 789 4228 967 4313; x_wconf 84' lang='lat' dir='ltr'><strong>repetitur,</strong></span> <span class='ocrx_word' id='word_1_326' title='bbox 1001 4228 1061 4296; x_wconf 88' lang='lat' dir='ltr'><strong>sed</strong></span> <span class='ocrx_word' id='word_1_327' title='bbox 1091 4247 1156 4296; x_wconf 90' lang='lat' dir='ltr'><strong>non</strong></span> <span class='ocrx_word' id='word_1_328' title='bbox 1187 4245 1264 4295; x_wconf 89' lang='lat' dir='ltr'><strong>raro</strong></span> <span class='ocrx_word' id='word_1_329' title='bbox 1294 4245 1429 4311; x_wconf 91' lang='lat' dir='ltr'><strong>prorsus</strong></span> 
     </span>
     <span class='ocr_line' id='line_1_39' title="bbox 254 4329 1428 4418; baseline 0.003 -23"><span class='ocrx_word' id='word_1_330' title='bbox 254 4329 390 4396; x_wconf 88' lang='lat' dir='ltr'><strong>eaedem</strong></span> <span class='ocrx_word' id='word_1_331' title='bbox 406 4330 568 4400; x_wconf 81' lang='lat' dir='ltr'><strong>formulae</strong></span> <span class='ocrx_word' id='word_1_332' title='bbox 583 4352 686 4416; x_wconf 87' lang='lat' dir='ltr'><strong>parvo</strong></span> <span class='ocrx_word' id='word_1_333' title='bbox 702 4337 835 4401; x_wconf 87' lang='lat' dir='ltr'><strong>tantum</strong></span> <span class='ocrx_word' id='word_1_334' title='bbox 855 4334 1032 4403; x_wconf 87' lang='lat' dir='ltr'><strong>intervallo</strong></span> <span class='ocrx_word' id='word_1_335' title='bbox 1056 4334 1254 4418; x_wconf 88' lang='lat' dir='ltr'><strong>interposito</strong></span> <span class='ocrx_word' id='word_1_336' title='bbox 1277 4333 1428 4401; x_wconf 88' lang='lat' dir='ltr'><strong>redeunt.</strong></span> 
     </span>
     <span class='ocr_line' id='line_1_40' title="bbox 256 4432 1429 4527; baseline 0.007 -28"><span class='ocrx_word' id='word_1_337' title='bbox 256 4432 363 4500; x_wconf 83' lang='lat' dir='ltr'><strong>Oredo</strong></span> <span class='ocrx_word' id='word_1_338' title='bbox 388 4441 480 4504; x_wconf 89' lang='lat' dir='ltr'><strong>certe</strong></span> <span class='ocrx_word' id='word_1_339' title='bbox 503 4437 569 4506; x_wconf 88' lang='lat' dir='ltr'><strong>iam</strong></span> <span class='ocrx_word' id='word_1_340' title='bbox 592 4458 678 4508; x_wconf 85' lang='lat' dir='ltr'><strong>nunc</strong></span> <span class='ocrx_word' id='word_1_341' title='bbox 707 4440 861 4509; x_wconf 90' lang='lat' dir='ltr'><strong>contendi</strong></span> <span class='ocrx_word' id='word_1_342' title='bbox 883 4459 991 4527; x_wconf 89' lang='lat' dir='ltr'><strong>posse,</strong></span> <span class='ocrx_word' id='word_1_343' title='bbox 1023 4460 1094 4510; x_wconf 92' lang='lat' dir='ltr'><strong>cnm</strong></span> <span class='ocrx_word' id='word_1_344' title='bbox 1118 4441 1246 4510; x_wconf 85' lang='lat' dir='ltr'><strong>lexicon</strong></span> <span class='ocrx_word' id='word_1_345' title='bbox 1269 4440 1429 4513; x_wconf 89' lang='lat' dir='ltr'><strong>Varroni-</strong></span> 
     </span>
    </p>
   </div>
   <div class='ocr_carea' id='block_1_4' title="bbox 0 0 1540 4828">
    <p class='ocr_par' dir='ltr' id='par_1_7' title="bbox 0 0 1540 4828">
     <span class='ocr_line' id='line_1_41' title="bbox 0 0 1540 4828; baseline 0 1"><span class='ocrx_word' id='word_1_346' title='bbox 0 0 1540 4828; x_wconf 95' lang='lat' dir='ltr'><strong> </strong></span> 
     </span>
    </p>
   </div>
  </div>
 </body>
</html>
