3070 4828
726 197 946 256 -72..

250 373 373 440 censius
395 378 425 439 et
440 394 521 457 quae
543 371 677 442 ueudere
692 371 805 440 oedem
820 394 881 457 quo
904 375 1043 457 ferumt;
1066 371 1099 440 V
1117 375 1179 433 153
1195 375 1302 457 femur
1310 394 1439 458 pompa

252 487 281 548 et
304 481 377 564 equi
400 485 557 562 οιιιιιιιιιὲ,Ι
581 475 652 546 sivo
676 475 884 545 correlativis
913 481 951 542 ut
978 478 1011 548 V
1040 482 1080 541 30
1109 485 1139 546 et
1164 501 1261 547 suum
1286 479 1439 547 Etruria

252 593 281 654 et
306 585 441 654 Latium
468 607 564 652 suum
591 607 656 653 esse
687 585 803 667 credit·
830 582 1029 665 respondent
1057 583 1160 650 etiam
1187 583 1276 649 inter
1306 602 1357 667 se,
1392 586 1438 650 ut

254 689 433 756 ohiasmum
450 689 609 773 officiant,
626 688 835 756 enuntiatum
847 687 1011 756 inferioris
1028 689 1151 757 ordinis
1168 692 1203 758 et
1219 690 1437 758 enuntiatum

252 795 461 880 primarium:
496 797 534 862 X
558 803 599 860 46
624 798 886 883 quenadmodum
919 804 1025 884 crepat
1056 801 1169 884 primu
1202 801 1244 868 ud
1279 806 1436 884 quartam

252 906 411 989 chordam,
436 906 484 972 sio
506 911 624 990 quarto
646 906 688 972 ud
710 911 885 990 septumum
907 905 1082 986 respondet.
1119 902 1186 971 Seu
1208 905 1292 972 haec
1315 903 1433 971 omnia

253 1009 339 1077 satis
362 1008 448 1078 trita
471 1009 668 1092 minimeque
691 1007 786 1076 unius
809 1009 971 1080 Varronis
995 1009 1137 1093 propria.

791 1202 811 1291 s
836 1210 886 1270 ss.

343 1329 477 1416 Quanto
501 1334 612 1397 autem
629 1328 761 1412 saepius
785 1327 1028 1412 parallelismus
1048 1350 1146 1415 quam
1170 1329 1308 1399 ohiasmi
1322 1329 1434 1398 iorma

252 1437 356 1506 etiam
380 1437 467 1520 apud
482 1437 665 1508 Varronem
692 1434 884 1505 inveniatur
905 1441 944 1504 ut
966 1439 1172 1522 perspicuum
1194 1437 1265 1520 fiat,
1289 1457 1433 1521 parvam

252 1543 361 1627 operis
384 1542 586 1615 Varroniani
613 1545 743 1625 partem
770 1541 933 1626 inspicere
961 1543 1115 1612 sufficiet.
1161 1546 1203 1612 In
1231 1543 1326 1611 initio
1349 1545 1432 1612 libri

253 1649 366 1718 octavi
390 1649 429 1716 de
453 1651 474 1716 l.
509 1649 532 1714 l.
562 1647 596 1736 (5
630 1651 748 1730 1-10)
780 1668 821 1716 ex
850 1651 964 1733 paucis
993 1668 1077 1733 quae
1104 1653 1261 1738 leguntur
1288 1651 1431 1718 chiasmi

253 1756 412 1838 exemplis
437 1754 571 1823 dimidia
599 1756 669 1823 iere
696 1775 775 1840 pars
803 1775 875 1824 cum
905 1757 1129 1840 parallelismo
1158 1757 1333 1826 coniuncta
1361 1762 1428 1842 est,

117 1867 120 1872 '
252 1881 349 1945 quam
365 1861 503 1930 formam
516 1864 555 1929 ab
572 1863 721 1931 omnibus
736 1863 951 1947 scriptoribus
975 1865 1018 1932 ad
1033 1865 1229 1961 sanandum
1245 1883 1429 1933 sermonem
1516 1909 1517 1916 ι

251 1969 519 2052 frequentissime
541 1971 693 2054 usurpari
716 1990 816 2054 supra
839 1971 1030 2039 monuimus.

339 2076 513 2160 Proprium
529 2075 615 2144 enim
632 2076 771 2144 chiasmi
786 2079 968 2160 exemplum
984 2077 1054 2146 fere
1070 2077 1275 2163 perlegitur
1291 2080 1429 2161 praeter

251 2186 270 2266 5
305 2190 321 2248 1
348 2208 491 2274 propupo
513 2237 545 2254 ..
571 2188 712 2256 secuudu
746 2188 830 2272 quod
858 2188 957 2272 prius
986 2189 1069 2256 iilud
1098 2189 1184 2256 uude
1215 2211 1252 2256 eu
1282 2185 1428 2268 duosque

252 2291 455 2376 paragraphi
471 2291 618 2358 decimae
633 2290 723 2358 locos
745 2314 810 2361 uuo
828 2345 835 2360 .
854 2345 860 2360 .
879 2295 943 2361 ioco
959 2294 1093 2381 adipum
1102 2296 1209 2381 possis
1225 2343 1232 2360 .
1250 2344 1256 2358 .
1273 2295 1320 2362 oet
1334 2294 1429 2362 uliud

253 2449 260 2466 .
279 2450 286 2467 .
303 2401 386 2485 quod
402 2422 474 2467 cum
489 2401 702 2487 ottaopuest
717 2401 862 2488 colliquri
879 2398 1009 2487 (deinde
1024 2418 1138 2468 rursus
1154 2403 1301 2490 oedipum
1310 2424 1427 2486 possu-

251 2503 338 2590 mus)
363 2508 398 2570 et
420 2505 524 2572 verba
547 2504 689 2572 nondum
713 2524 794 2572 sane
819 2505 906 2573 omni
922 2525 963 2574 ex
985 2509 1083 2589 parte
1107 2511 1145 2573 ut
1161 2505 1294 2575 uidetur
1317 2524 1425 2574 emen-

252 2610 334 2677 data
364 2634 437 2680 cum
467 2614 667 2699 fulmentum
698 2611 758 2694 (sio
787 2611 852 2696 Sp„
885 2616 1014 2702 fuimeu
1042 2622 1120 2684 tuuc
1146 2613 1247 2700 Flor.)
1278 2638 1318 2684 eu
1347 2638 1428 2685 uuo

251 2719 374 2805 spiludu
395 2719 479 2786 iilud
500 2719 569 2786 ΕΤ
591 2727 720 2788 moueat
748 2743 875 2789 uuum.
921 2719 1073 2801 Denique
1101 2723 1120 2803 5
1146 2725 1185 2784 10
1210 2719 1284 2786 init.
1309 2737 1327 2786 e
1350 2738 1426 2788 con·

251 2823 381 2891 iectura
404 2821 551 2904 scioppii
574 2847 714 2910 quorum
735 2848 846 2894 rerum
868 2850 949 2896 usus
972 2834 1041 2896 erut
1062 2828 1206 2915 simpiaco,
1230 2827 1411 2915 <simplem

250 2929 296 3000 ibi
318 2933 414 3000 etium
435 2933 578 3000 vocabuli
600 2932 789 3002 decliuutus.

339 3035 396 3103 Ad
424 3037 618 3106 venandum
650 3041 762 3104 autem
791 3037 1049 3120 parallelismum
1079 3037 1218 3106 chiasmi
1240 3037 1345 3107 forma
1369 3041 1426 3108 ad·

250 3140 384 3209 hibetur
410 3141 445 3210 in
472 3142 491 3230 5
521 3150 539 3207 8
568 3146 783 3214 uitiiomiuus
810 3148 967 3215 dedimam
992 3153 1093 3233 potest
1119 3149 1163 3216 ub
1191 3170 1231 3216 eo
1261 3147 1346 3234 quod
1367 3151 1426 3218 im-

245 3252 439 3338 posiuuuut
467 3275 586 3338 scopae,
615 3272 718 3337 scopu,
747 3276 844 3339 quum
870 3255 900 3322 si
927 3256 1153 3340 imposuissent
1183 3279 1285 3342 scopu,
1317 3259 1360 3324 ub
1387 3280 1426 3324 eo
1516 3259 1517 3264 ’

252 3380 380 3444 scopum·
403 3358 422 3439 5
447 3363 465 3421 9
489 3382 596 3429 riuum
619 3357 701 3442 (soil.
726 3358 844 3446 genus)
865 3363 1050 3448 secuudum,
1075 3364 1180 3443 quod.
1200 3365 1364 3432 multos
1387 3387 1427 3432 eu

252 3487 285 3532 se
302 3467 395 3551 pouit
417 3467 583 3552 disparilia
605 3469 748 3554 farmus.
768 3489 795 3551 .,·
817 3470 953 3536 alterum
973 3491 1077 3556 qeuus
1100 3472 1206 3538 sterile
1228 3472 1312 3556 quod
1334 3493 1373 3539 eu
1396 3495 1429 3540 se

251 3573 342 3656 parit
363 3573 480 3649 uitta
506 3575 524 3653 5
550 3577 590 3636 10
614 3574 660 3642 Et
682 3576 721 3644 iu
743 3576 794 3643 his
817 3576 910 3644 retus
932 3598 1013 3661 quue
1036 3583 1115 3645 suut
1137 3579 1367 3646 uomiuc..et
1388 3581 1429 3648 iu

253 3678 305 3745 his
322 3678 414 3746 rebus
429 3698 510 3759 quae
525 3683 653 3768 copulae
668 3689 761 3763 suut3
779 3679 919 3763 denique
935 3683 954 3763 5
973 3687 989 3746 7
1014 3685 1073 3751 coi
1078 3684 1121 3751 ui
1130 3707 1187 3753 sse
1210 3687 1297 3754 cuim
1305 3693 1429 3772 puiuut

252 3783 1425 3874 siupuiurisresuoturemt.·.,·siomuresiibemsooiuisseuoturiut.

342 3889 469 3957 Restat
491 3896 529 3958 ut
552 3893 769 3975 parallelismi
785 3894 935 3983 exempla
959 3915 1153 3979 enumerem,
1173 3897 1312 3980 primum
1336 3899 1427 3966 eain

254 3993 372 4076 quibus
396 3996 458 4064 duo
486 3997 545 4064 illa
575 4002 721 4068 membra
748 4001 822 4084 pari
843 4004 1016 4071 vorborum
1041 4002 1258 4070 collocatione
1280 4003 1426 4090 insignia

253 4101 357 4169 etiam
379 4106 514 4186 propter
536 4121 649 4187 parem
671 4105 738 4175 vim
762 4125 801 4172 ac
824 4107 990 4176 notionem
1014 4109 1208 4176 coordinata
1231 4115 1318 4178 suut.

254 4209 308 4291 51
331 4213 442 4297 primu
462 4234 541 4298 pars
560 4215 822 4299 quemadmodum
843 4269 849 4283 .
868 4270 891 4302 .‚
916 4219 1056 4288 secuudu
1071 4241 1133 4304 quo
1150 4226 1245 4306 pacto
1263 4271 1269 4285 .
1288 4271 1306 4304 .‚
1331 4223 1426 4290 tertio

253 4323 291 4384 ut
307 4367 314 4384 .
333 4339 359 4401 .,·

253 4420 299 4489 ib.
322 4429 444 4493 remim
465 4425 578 4514 Homo,
603 4428 764 4513 obliquum
786 4427 958 4514 Homiuis,·
