3070 4828
656 274 1265 490 Vit51³⁵'³··³³‘³·²³''³⁵²'³³·'³'·

239 646 280 712 In
316 644 431 728 oppido
466 643 632 712 saxoniae
666 642 877 709 Hoheustein
911 645 1012 709 natus
1048 661 1118 731 sum
1153 643 1320 711 Robertns

149 752 314 819 Ricardus
345 750 564 835 Krumhiegel
595 769 680 817 anno
712 751 743 815 h.
776 768 801 815 s.
831 747 982 835 LXVII·
1011 767 1042 814 a.
1075 748 1105 814 d.
1136 749 1203 816 ΠΙ.
1232 750 1318 817 Non.

150 859 231 927 Mai.
247 863 345 942 patre
360 859 524 942 Roberto‚
549 862 655 924 matre
678 855 849 924 Ludovica
873 874 891 922 e
914 858 1015 939 gente
1030 856 1234 923 Weberiana
1257 857 1319 924 ori·

149 968 246 1049 unda,
272 984 352 1048 quos
375 963 580 1032 interrivos
605 981 678 1030 esse
701 981 904 1045 summopere
927 962 1065 1047 gaudeo.
1109 961 1224 1029 Fidem
1246 981 1319 1046 pro·

148 1073 246 1140 fiteor
268 1071 505 1155 evangelicam,

237 1177 473 1246 Hohensteinii
507 1175 702 1244 rudimentis
735 1175 880 1244 imbutus
915 1192 1000 1242 anno
1028 1174 1201 1243 LXXXI.
1232 1175 1320 1245 inter

152 1284 318 1370 gymnasii
343 1283 599 1352 Ohemnitiensis
627 1283 805 1366 discipulos
833 1286 987 1366 receptus
1011 1300 1091 1365 sum,
1115 1282 1206 1350 cuius
1229 1288 1320 1367 post-

151 1411 248 1475 quam
276 1411 336 1460 sex
363 1391 494 1459 ordines
521 1392 676 1475 percurri,
706 1408 784 1459 vere
813 1390 892 1457 anni
922 1389 1149 1462 LXXXVII.
1180 1391 1321 1474 adeptus

150 1518 220 1566 sum
249 1498 457 1566 maturitatis
482 1499 566 1580 quod
590 1498 704 1564 dicunt
727 1496 961 1564 testimonium.
998 1494 1052 1561 Ac
1074 1514 1133 1578 per
1155 1503 1321 1565 aestatem

151 1606 280 1687 quidem
303 1605 373 1672 eius
398 1605 477 1671 anni
499 1603 672 1688 Tubingac
695 1607 914 1670 commoratus
937 1601 1074 1670 interfui
1094 1602 1215 1671 scholis
1238 1623 1321 1686 quas

151 1713 339 1780 habuerunt
355 1713 491 1796 Herzog
506 1711 638 1796 Kugler
655 1711 816 1780 Schwabe
832 1710 966 1780 Sievers
982 1709 1143 1795 Sigwart3
1165 1716 1321 1778 autumno

151 1837 230 1887 vero
253 1819 287 1886 in
304 1820 390 1886 hanc
404 1819 594 1887 litterarum
610 1819 720 1886 sedem
736 1838 787 1886 me
804 1818 929 1886 contuli
951 1818 1008 1885 ubi
1031 1816 1187 1890 docentes
1211 1818 1322 1887 audivi

151 1926 240 1993 viros
265 1925 472 1993 doctissimos
495 1926 805 1993 Birch·Hirschfeld
820 1928 1012 2011 Brugmann
1028 1923 1200 1992 Oichorins
1216 1927 1322 1992 Ebert

155 2031 393 2101 Gardthausen
422 2033 552 2100 Heinze
580 2032 715 2116 Lipsius
744 2034 1020 2100 Maurenbrecher
1044 2033 1219 2101 Ouerbeok
1240 2032 1321 2100 Rib-

153 2140 238 2206 beck
260 2139 402 2207 Richter
417 2142 639 2207 Wachsmuth
655 2140 785 2208 Wundt
801 2139 863 2205 Ed.
880 2141 1034 2206 Zarncke
1049 2139 1140 2206 Frid.
1156 2139 1320 2206 Zarnclue.

150 2247 333 2314 Praeterea
369 2266 442 2324 cum
472 2248 507 2313 in
538 2247 772 2329 proseminario
804 2245 1076 2329 praeceptoribus
1106 2263 1185 2312 usus
1216 2263 1321 2312 essem

152 2353 330 2420 Hansseno
361 2353 476 2437 Lipsio
510 2352 704 2430 Ribbeckio,
736 2372 796 2435 por
826 2351 894 2418 tria
925 2351 1099 2419 semestria
1128 2351 1322 2437 regentibus

152 2457 266 2540 Lipsio
297 2459 482 2526 Ribbeokio
515 2459 769 2526 Wachsmuthio
804 2458 973 2526 seminarii
1006 2459 1165 2543 philologi
1198 2458 1321 2527 sodalis

153 2564 337 2630 ordinarius
369 2565 491 2634 audivi.
538 2566 586 2632 Hi
617 2565 719 2632 etiam
751 2566 794 2632 ad
825 2565 1007 2633 societates
1031 2565 1159 2632 aditum
1181 2565 1322 2650 benigne

152 2670 230 2736 mihi
253 2675 500 2738 concesserunt:
525 2671 704 2738 Ribbeckii
727 2671 885 2739 societati
907 2690 966 2754 per
981 2672 1123 2754 quinque
1147 2671 1323 2740 semestria

153 2776 375 2861 adsentabor,
401 2777 648 2845 Wachsmuthii
680 2798 739 2860 per
770 2783 823 2845 ter
845 2797 942 2845 senos
966 2796 1104 2862 mensae,
1135 2777 1243 2863 Lipsii
1264 2796 1324 2860 per

153 2900 283 2949 annom.
330 2884 398 2949 Per
420 2883 507 2949 idem
530 2888 660 2966 tempus
684 2883 821 2951 interfui
845 2883 1139 2951 exercitationibus
1154 2882 1323 2952 historicis

151 2987 314 3070 (boherii,
350 2989 495 3056 eiusdem
529 2989 706 3058 seminario
740 2990 899 3059 historico
934 3010 993 3073 per
1028 2991 1107 3057 anni
1144 2990 1322 3058 dimidium.

150 3095 340 3180 Paedagico
365 3101 475 3164 autem
500 3096 675 3165 seminario
699 3097 853 3165 Richteri
884 3097 1095 3164 etiamnunc
1119 3096 1322 3178 adnumeror,

152 3201 232 3268 item
255 3204 444 3271 romanensi
459 3205 544 3286 quod
560 3205 874 3272 Birch-Hirsohfeld
896 3204 1087 3270 moderatur
1102 3207 1138 3269 et
1153 3204 1322 3272 theodisco

151 3310 235 3389 quod
257 3310 346 3394 regit
369 3310 409 3378 de
432 3311 575 3378 Bahder.

239 3417 312 3482 Hos
337 3435 448 3484 omncs
465 3419 698 3500 praeceptores
718 3433 807 3484 meos
828 3421 927 3502 grato
944 3415 1052 3483 animo
1075 3415 1229 3500 prosequi
1242 3433 1323 3483 nun·

151 3540 246 3602 quam
276 3522 435 3600 desinam,
465 3522 625 3606 imprimis
649 3521 835 3590 Oichorium
851 3521 1001 3607 Lipsium
1023 3522 1322 3602 Wachsmuthium,

150 3627 266 3709 quique
289 3629 324 3696 in
347 3631 411 3697 hac
442 3628 680 3712 dissertatione
712 3629 887 3699 scribenda
917 3629 1071 3716 egregius
1104 3629 1217 3697 fautor
1244 3628 1324 3697 mihi

149 3735 293 3812 exstitit,
318 3737 546 3805 Ribbeckium.
1109 3743 1110 3746 ’

236 3843 405 3928 Denique,
442 3849 479 3910 ut
522 3845 694 3913 absolvam
729 3845 815 3912 hanc
851 3844 1032 3912 studiorum
1068 3843 1322 3919 enarrationem,

151 3945 264 4016 lubens
289 3969 418 4034 semper
440 3952 640 4018 recordabor
663 3954 823 4033 quantum
852 3951 996 4018 fructum
1023 3969 1065 4018 ex
1090 3949 1266 4017 amicorum
1289 3950 1324 4016 in

151 4053 308 4124 sodalicio
337 4056 505 4142 philologo
530 4059 766 4128 consuetudine
789 4057 1002 4143 perceperim.
