3070 4828
584 210 803 268 ...79-

13 379 14 398 ¹
104 381 286 465 adscripsit
310 381 413 447 etiam
436 382 465 456 I,
491 386 564 460 24,1
590 381 714 466 (amam
736 381 844 446 oliveto
859 381 1055 458 conserendo,
1080 382 1145 447 aiei
1167 384 1221 464 qai
1243 383 1279 447 ia

108 494 236 554 ventam
256 488 420 572 favonium
436 493 550 570 spectat
572 493 602 558 et
616 487 675 553 soli
690 492 829 554 ostentus
844 487 895 566 sit,
916 486 1016 554 aliam
1031 488 1143 554 bonam
1158 487 1281 554 audam

104 615 173 660 esse
197 619 239 654 ω
263 593 351 662 Oato
377 599 428 677 6,2
452 593 509 661 ubi
532 593 626 662 deest
649 593 734 676 aial.

324 792 797 800 φῇ,

12 955 14 1054 l
585 948 713 1031 Caput
736 950 796 1018 IV.

351 1088 406 1158 De
430 1087 556 1158 colore
580 1087 765 1158 sermonis
789 1085 1030 1158 Varroniaui.

643 1267 661 1351 q
687 1274 737 1332 ol.

195 1393 264 1460 Res
280 1411 302 1459 a
317 1394 469 1464 Varrone
491 1391 527 1458 in
549 1390 643 1458 libris
667 1389 902 1474 superstitibus
928 1395 1101 1458 tractatae
1125 1410 1198 1459 cum
1220 1393 1278 1462 vix

107 1498 198 1566 tales
221 1505 334 1566 essent
362 1505 401 1565 ut
428 1500 463 1565 in
490 1497 539 1564 eis
568 1497 763 1564 enarrandis
792 1497 934 1578 scriptor
956 1497 1104 1577 specioso
1128 1517 1277 1567 sermone

105 1604 159 1672 uti
181 1610 304 1688 posset,
328 1609 442 1672 tamen
457 1622 564 1671 rerum
586 1604 785 1671 rusticarum
807 1603 910 1669 libros
933 1622 974 1670 ea
996 1608 1072 1670 crte
1095 1606 1278 1688 composuit

105 1715 144 1776 ut
177 1711 339 1778 materiae
374 1710 540 1779 vilitatem
575 1709 740 1777 scribendi
770 1727 891 1794 genere
921 1708 1007 1776 satis
1038 1718 1275 1794 compensaret.

105 1816 195 1884 Huic
227 1817 336 1884 studio
368 1819 544 1884 obsecutus
575 1816 700 1901 dialogi
723 1815 861 1883 formam
892 1815 999 1883 sterili
1025 1822 1277 1900 praeceptorum

105 1923 243 1991 tabulae
266 1923 441 2008 praetulit;
468 1921 607 2007 singulis
636 1921 729 1988 libris
758 1921 1009 1989 adhortationes
1033 1925 1071 1988 ιιι
1094 1923 1145 1990 ita
1168 1924 1276 1991 dicam

11 2087 12 2104 q
92 2030 281 2111 praemisit
310 2029 429 2120 quibus
460 2033 583 2110 quanto
614 2028 687 2096 vita
709 2029 838 2095 rustica
860 2029 1007 2095 urbanae
1030 2027 1124 2098 vitae
1145 2031 1273 2113 praefe-

11 2155 12 2160 ’
104 2136 210 2203 reuda
248 2137 294 2203 sit
321 2138 463 2204 venuste
491 2135 641 2217 exponit,
673 2138 774 2216 atque
797 2134 906 2201 iubis
929 2134 1037 2216 operis
1060 2135 1210 2216 partibus
1233 2157 1275 2204 ne

106 2242 266 2309 sermonis
289 2242 418 2324 quidem
435 2241 637 2325 elegantiam
652 2240 906 2307 desiderandam
919 2240 1068 2322 reliquia
1092 2241 1275 2310 nominibus

10 2385 11 2416 i
104 2366 215 2416 eornm
238 2367 319 2430 quos
343 2348 568 2428 colloquentes
584 2345 668 2413 facit
691 2347 742 2413 itc
764 2346 850 2412 ludit
873 2352 911 2412 ut
935 2347 978 2413 ad
999 2365 1053 2415 res
1077 2349 1274 2416 tractandas

103 2455 248 2538 referat;
281 2453 398 2522 Scrofa
429 2454 515 2520 enim
546 2455 586 2520 de
616 2454 714 2520 suillo
744 2471 866 2538 genere
889 2453 1035 2530 disserit,
1063 2455 1209 2525 Vaccins
1233 2456 1273 2523 de

104 2563 209 2628 bubus
238 2566 302 2628 etc.
333 2567 368 2627 et
392 2560 569 2644 diligenter
591 2559 626 2626 id
648 2560 780 2628 curavit
802 2565 841 2627 ut
863 2559 899 2627 in
921 2560 1080 2642 colloquio
1104 2561 1146 2627 ad
1169 2562 1275 2645 proxi·

102 2685 189 2734 mam
212 2672 343 2751 partem
370 2671 583 2733 transeuntes
611 2667 720 2749 lepide
748 2670 850 2749 atque
877 2668 1012 2746 urbane,
1044 2687 1143 2750 saepe
1172 2669 1275 2735 etiam

10 2761 11 2770 '
102 2773 214 2841 facete
245 2793 282 2840 se
319 2773 519 2856 exciperent.
567 2773 809 2855 Nonnunquam
843 2793 924 2841 sane
959 2773 1129 2857 scriptoris
1163 2775 1274 2860 negle-

103 2879 220 2962 gentia
243 2878 369 2945 factum
392 2884 446 2947 est
468 2885 507 2945 ut
531 2877 663 2945 dubium
685 2886 821 2946 maneat
836 2898 920 2963 qnae
936 2881 1136 2965 singulorum
1158 2886 1274 2963 partes

10 3057 11 3074 χ
102 2985 183 3069 sint,
207 2986 404 3069 praesertim
427 2986 460 3052 in
484 2985 588 3069 primo
611 2985 753 3053 libroin
776 3004 839 3068 quo
867 2988 996 3054 omnino
1019 2987 1274 3068 colloquentium

10 3091 11 3182 J
101 3111 265 3176 personae
292 3093 396 3160 multo
425 3092 531 3159 minus
560 3091 730 3160 distinctis
752 3092 870 3182 finibus
895 3093 1162 3177 circumscriptae
1185 3099 1272 3174 sunt,

10 3183 11 3268 Ῐ
105 3217 178 3266 cnm
202 3218 312 3267 eorum
335 3198 467 3267 nomina
490 3202 525 3265 et
548 3218 601 3266 res
630 3200 861 3282 exprimendae
887 3201 1018 3270 vinculo
1041 3201 1274 3269 associationis

106 3307 158 3387 (ut
170 3306 365 3373 recentioris
378 3306 504 3373 aetatis
520 3306 681 3374 vocabulo
697 3307 839 3374 barbaro
854 3310 943 3391 utar)
956 3306 1272 3392 noncohaereant1).

104 3410 173 3478 Gir.
189 3410 363 3479 Zahlfeldt
377 3409 546 3499 ‘Quaestt
569 3413 643 3479 crit.
666 3412 702 3478 in
717 3414 815 3483 Varr.
838 3432 902 3479 rer.
925 3417 1008 3480 rust.
1032 3410 1153 3479 libros'.
1178 3413 1273 3481 Eius-

104 3518 178 3585 dem
213 3519 447 3603 neglegentiae
482 3524 535 3587 est
570 3520 655 3602 quod
685 3521 746 3586 hoc
775 3519 875 3587 illove
905 3519 977 3586 loco
1006 3518 1221 3601 partitionem
1252 3540 1273 3587 a

103 3625 254 3696 Varrone
278 3625 377 3692 anxie
398 3625 581 3692 indicatam
603 3645 669 3693 non
691 3627 904 3694 observatam
926 3626 1084 3695 videmus.

190 3733 288 3800 Haec
311 3733 351 3799 de
375 3732 530 3801 universa
544 3733 701 3799 librorum
716 3731 959 3815 compositione.
983 3734 1167 3802 Praeterea
1179 3753 1272 3801 occa·

102 3839 194 3906 sione
218 3839 301 3906 data
322 3839 593 3907 narratiunculas
615 3839 733 3906 inserit
756 3838 928 3906 advitam
951 3859 1054 3918 suam,
1087 3845 1128 3908 ad
1149 3840 1272 3908 itinera

191 4089 212 4160 ¹)
238 4087 279 4143 Eo
310 4087 399 4142 miuus
428 4086 578 4144 consimile
609 4091 653 4142 est
683 4085 835 4142 Varronem
867 4084 1037 4156 singulorum
1066 4085 1112 4153 qui
1142 4084 1272 4154 colloquii

103 4174 253 4246 participes
280 4182 344 4233 sunt
370 4193 521 4233 sermonem
550 4175 685 4234 caeteris
714 4175 852 4232 disemum
877 4175 1046 4231 conformare
1066 4171 1218 4240 studuisse,
1242 4174 1272 4229 id

101 4264 171 4331 qnod
191 4279 213 4320 c.
233 4280 260 4334 g.
280 4266 308 4321 in
327 4265 437 4336 dialogo
462 4266 496 4322 de
522 4263 689 4334 oratoribus,
713 4263 907 4320 in‘cicerouis
933 4263 967 4320 de
992 4267 1101 4317 oratore
1119 4259 1198 4317 libris
1216 4268 1270 4320 etc.

100 4359 227 4422 apertum
252 4359 303 4410 est
340 4354 400 4411 Non
430 4354 519 4426 igitur
550 4367 617 4423 opus
648 4358 692 4409 est
721 4351 794 4421 apud
822 4353 972 4408 Varronem
1002 4350 1083 4406 huius
1115 4349 1157 4407 rei
1185 4351 1271 4409 ullam

98 4442 233 4499 rationem
252 4443 361 4506 bebere.
