3070 4828
716 199 935 257 -10..

240 370 369 437 Pollnn.
406 366 473 434 Otr.
491 369 549 434 IX
574 374 613 432 67
639 371 698 438 olc'c'
717 373 846 456 qenorc's
869 375 955 439 enlm
977 375 1091 442 vinnom
1105 376 1189 459 qnod
1205 371 1296 458 Otto,
1321 375 1410 442 uliud

240 478 323 562 qnod
345 475 455 561 Lesbo,
478 478 525 545 sio
547 499 587 544 en
608 478 794 563 reqiono'bns
816 478 902 547 otiis.

787 675 860 752 er.

330 793 515 862 Praeterea
538 812 610 860 cum
634 793 769 862 adunet
791 795 901 866 Varro
924 794 1123 864 infinitivum
1146 820 1236 867 esse
1258 798 1411 865 omittere

242 900 277 968 in
299 899 479 968 structuris
502 899 699 970 nominativi
719 918 791 968 cunr
807 900 865 968 ini.
882 901 973 988 (nam
989 901 1031 969 de
1046 902 1160 969 eodem
1175 904 1276 972 verbo
1292 904 1410 990 cniseo

243 1007 277 1074 in
306 1010 478 1074 structura
509 1006 694 1076 accusativi
718 1026 796 1074 ‘cnm
826 1007 916 1076 infin.
947 1006 1029 1093 peri.
1062 1010 1122 1076 aut
1152 1007 1213 1077 rut.
1244 1029 1309 1079 non
1331 1029 1410 1095 opus

242 1115 295 1181 est
327 1111 513 1198 disserere),
542 1132 608 1181 non
634 1131 710 1180 rsro
733 1115 836 1182 verba
860 1113 953 1183 velut
975 1114 1072 1180 haec:
1099 1140 1192 1202 posse
1213 1120 1278 1186 dici
1299 1123 1410 1205 videri,

243 1219 314 1287 sine
338 1219 503 1288 infinitivo
526 1219 690 1304 leguntur.
736 1220 899 1303 Exempla
921 1219 1087 1303 proferam
1110 1221 1206 1289 haec:

331 1333 370 1408 1.,
388 1350 518 1414 posse:
548 1326 581 1397 V
605 1331 645 1390 38
678 1327 815 1414 Propter
844 1328 960 1396 horon
990 1318 1245 1399 similituninem
1266 1333 1305 1402 c'n
1337 1335 1412 1402 urbe
1450 1409 1459 1423 ,

239 1437 307 1504 loco
331 1455 420 1520 pora
441 1434 556 1519 Areae,
584 1455 689 1520 nono
714 1441 815 1520 potest
841 1436 937 1503 otton
958 1433 1028 1504 Aru
1051 1435 1168 1521 Deum,
1198 1439 1282 1524 qood
1305 1459 1412 1524 pern·

238 1539 292 1610 VI
316 1546 357 1604 58
389 1542 516 1626 quoda
543 1543 633 1609 verbo
660 1563 774 1628 orooro
802 1548 903 1626 potest
932 1542 1143 1626 declinatum
1173 1542 1226 1612 VI
1250 1549 1289 1606 68
1321 1545 1364 1612 Id
1390 1568 1412 1613 o

239 1644 397 1729 θριάμβῳ,
422 1668 575 1734 aynano
605 1647 717 1715 Iolen
747 1653 950 1734 coqnoncnto
974 1655 1078 1734 potest
1107 1649 1236 1717 dictum.
1283 1648 1410 1717 Oontra

239 1752 479 1823 11155555
493 1751 607 1839 Speso
628 1752 747 1839 Sponte
756 1759 860 1838 potest
882 1776 947 1822 esse
968 1755 1137 1822 declinato.
1169 1752 1251 1821 Alia
1272 1753 1409 1841 collegit

240 1859 278 1928 0.
303 1857 425 1926 Miller
449 1857 492 1925 ad
515 1859 549 1928 V
573 1863 625 1922 38.
671 1858 712 1924 In
735 1857 903 1942 Mergneti
933 1858 974 1925 de
1006 1856 1174 1927 Ciceronis
1205 1859 1410 1930 orationibus

238 1963 345 2032 lexico
368 1964 455 2031 hunc
477 1962 609 2048 ellipsin
634 1967 919 2031 commemoratam
943 1982 1007 2031 non
1030 1963 1151 2034 inveni.

328 2076 367 2154 2.,
391 2073 487 2141 otei:
509 2071 542 2142 V
568 2077 629 2135 158
653 2073 809 2142 dicontur
831 2073 1011 2159 aedificati;
1033 2072 1066 2143 V
1092 2078 1153 2137 159
1177 2076 1409 2144 (1555515555-

237 2181 363 2264 codun·
401 2179 421 2245 I
452 2184 482 2262 2,
508 2183 549 2241 20
581 2181 676 2248 orbor
707 2181 775 2248 oleo
805 2201 886 2264 qnae
909 2181 1058 2265 primum
1088 2182 1209 2249 dicitnr
1238 2183 1283 2249 oln'
1313 2189 1410 2264 nain·

236 2284 296 2350 III
320 2291 337 2346 5
362 2287 447 2350 extr.
472 2285 511 2352 P.
528 2287 635 2373 enrqc't
657 2287 741 2372 qood
763 2287 834 2354 eins
856 2287 1023 2356 canituri
1047 2295 1151 2356 costos
1173 2287 1336 2357 dicebatur
1358 2290 1409 2356 dc·

232 2413 375 2477 prensos
399 2388 469 2475 (cfr.
485 2390 544 2455 HI
561 2397 612 2475 5,8
637 2393 823 2462 ornithonis
842 2393 900 2478 qni
922 2395 1028 2462 unioni
1052 2416 1151 2462 conen
1173 2396 1366 2464 constitutos
1388 2417 1410 2463 α

237 2503 267 2563 te
284 2547 291 2563 .
310 2547 317 2563 .
336 2548 343 2563 .
359 2496 480 2583 fertur)

327 2607 368 2680 8.,
393 2604 536 2672 videri:
562 2602 615 2673 Vl
641 2608 679 2666 18
711 2605 793 2673 Dies
820 2605 1009 2692 Poplifnqc'o
1042 2608 1169 2675 videtur
1202 2609 1409 2692 nominatos·

237 2707 290 2779 Vl
316 2714 357 2771 83
380 2709 430 2777 Ao
452 2711 587 2779 onribns
609 2712 703 2780 ocrlro
725 2713 877 2780 noentnr
899 2714 983 2781 dioto
1005 2711 1114 2781 Antio
1138 2722 1166 2782 et
1187 2713 1352 2782 Aneonlto.

329 2815 427 2882 Haec
451 2814 513 2883 duo
541 2816 655 2899 verba,
688 2819 753 2886 dict
780 2822 816 2884 et
844 2821 956 2893 videri,
981 2817 1084 2885 etiem
1107 2817 1195 2902 apud
1218 2816 1408 2887 Ciceronem

238 2920 355 2988 ecdem
378 2921 547 2991 brevitate
569 2926 745 3006 ponuntur.

715 3348 855 3433 Oaput
877 3349 926 3417 11.

396 3491 453 3562 De
474 3488 638 3560 subiecti
661 3491 700 3561 et
721 3488 934 3576 praedicati
957 3492 1247 3580 congruentis).

787 3671 806 3751 ξ
823 3675 853 3733 5.

327 3791 520 3862 Subiectum
543 3792 574 3859 si
601 3795 735 3860 constat
759 3788 884 3859 dnobus
912 3810 931 3857 e
958 3791 1180 3862 substantivis
1210 3792 1244 3860 in
1274 3811 1409 3861 numero

238 3898 400 3985 singulari
422 3898 552 3983 positis,
583 3898 813 3984 praedicatum
842 3897 924 3965 item
950 3897 1020 3966 fere
1051 3902 1247 3966 constanter
1269 3898 1409 3968 eundem

236 4025 405 4076 numerum
436 4005 581 4073 exhibet.
627 4004 774 4072 Pluralis
806 4003 892 4072 enirn
922 4003 1131 4087 paucissimis
1162 4008 1295 4073 tanturn
1324 4003 1409 4072 locis

236 4115 352 4180 exstet
375 4117 443 4196 (ecs
467 4112 555 4180 locos
572 4110 689 4195 quibus
706 4111 747 4178 de
762 4109 929 4177 hominum
944 4109 1138 4186 nominibus,
1161 4128 1228 4177 non
1243 4110 1284 4178 (15
1298 4129 1409 4179 rerum

234 4218 403 4288 vocabulis
427 4217 549 4304 agitur,
574 4235 660 4285 nunc
683 4214 826 4300 omitto);
852 4216 923 4285 scil.
947 4216 987 4284 11
1009 4216 1110 4296 praei.
1135 4223 1153 4281 3
1178 4220 1302 4288 relictis
1323 4220 1408 4307 folco

326 4428 347 4500 ¹)
366 4427 508 4486 Ciceronis
527 4441 608 4484 usum
626 4425 762 4485 tructam
779 4427 848 4483 Ans
867 4427 896 4484 iu
913 4443 1006 4500 progr.
1026 4427 1169 4496 Quodliub.
1189 4443 1214 4483 a.
1235 4429 1311 4487 1884.
