3070 4828
715 195 934 253 ...33-

803 367 850 433 ΙΙ.

603 489 838 577 Epimetrum
863 491 1048 562 criticum.

779 632 795 695 I
820 639 872 696 24.

331 761 358 826 I
358 761 398 828 lle
420 761 519 828 adicit
541 757 580 827 ab
603 761 707 827 eodem
730 760 883 844 scriptore
906 761 970 824 etc.

329 866 381 931 De
408 865 471 931 hoc
499 865 572 931 loco
602 867 679 947 post
706 862 946 931 Zahlfeldtium
978 863 1164 946 disputavit
1195 863 1236 932 Ο.
1265 865 1418 932 Rtssner

242 971 426 1054 ί11111111.
451 971 494 1038 ab
518 971 558 1036 de
582 989 624 1036 ex
646 989 706 1039 usu
724 968 830 1039 Varr.'
855 989 885 1052 p.
912 977 951 1034 15
977 989 1023 1050 sq.
1062 970 1168 1037 Nemo
1185 969 1291 1037 adhuc
1313 970 1349 1036 in
1373 989 1415 1037 eo

241 1078 374 1144 videtur
397 1077 571 1145 offendisse
595 1078 680 1160 quod
704 1077 840 1145 Scrofae
868 1078 972 1146 verba
1001 1096 1021 1144 a
1045 1078 1197 1146 Varrone
1225 1096 1290 1144 non
1317 1082 1417 1144 recta

239 1185 388 1252 oratione
411 1184 602 1269 afferuntur,
633 1185 692 1252 sed
715 1184 857 1266 obliqua.
898 1185 1042 1266 Propter
1069 1187 1277 1251 constantem
1301 1187 1418 1251 autem

239 1291 274 1358 in
291 1291 342 1358 his
365 1291 459 1358 libris
475 1291 637 1362 Varronis
659 1309 753 1357 usum
777 1290 931 1372 obliquae
947 1290 1109 1358 orationis
1133 1309 1234 1358 causa
1250 1309 1291 1358 ea
1314 1291 1419 1357 debet

239 1416 313 1464 esse
337 1398 422 1478 quod
445 1397 562 1466 Scrofa
583 1417 648 1465 non
676 1416 737 1465 sua
759 1397 886 1481 profert
910 1397 968 1464 sed
991 1396 1130 1465 Ontonia
1158 1398 1271 1464 verba.
1317 1395 1418 1482 Quod

241 1504 452 1572 confirmatur
475 1504 587 1586 capite
611 1510 662 1587 26,
688 1522 749 1586 quo
774 1521 858 1586 quae
882 1503 1094 1571 continentur
1118 1521 1190 1570 cum
1213 1523 1278 1570 non
1300 1502 1367 1571 iam
1395 1524 1416 1572 e

240 1610 379 1679 Oatonis
409 1610 494 1677 libro
521 1615 653 1694 sumpta
684 1611 752 1678 sint
783 1611 843 1677 sed
873 1629 894 1676 a
923 1610 1040 1678 Scrofa
1073 1610 1114 1676 de
1145 1629 1203 1677 suo
1236 1611 1414 1695 addantur,

242 1717 350 1786 oratio
373 1721 467 1783 recta
491 1722 631 1784 estnon
656 1717 797 1800 obliqua.
845 1718 920 1783 Hoc
944 1722 1056 1784 autem
1084 1719 1177 1784 recte
1200 1736 1221 1783 a
1243 1717 1414 1783 Rtssnero

242 1824 387 1906 itemque
417 1844 439 1890 a
473 1824 586 1891 Keilio
620 1824 655 1890 in
689 1843 802 1891 comm.
835 1824 1011 1907 statuitur,
1049 1842 1226 1907 pronomen
1260 1826 1336 1893 illo
1370 1823 1418 1889 ad

242 1930 391 1998 Scrofam
415 1930 529 2013 utique
551 1930 757 1998 referendum
781 1949 866 1998 esse.
905 1931 1011 2018 Quem
1033 1948 1112 1998 vero
1135 1932 1241 1997 locum
1265 1931 1418 1997 Rtssner

242 2041 414 2120 comparat
429 2036 461 2120 (I
487 2039 549 2120 10),
576 2054 614 2104 eo
630 2056 691 2121 ego
707 2037 758 2102 ita
781 2040 860 2104 utar
874 2041 913 2103 ut
936 2038 1040 2104 multo
1056 2037 1179 2104 maiore
1200 2037 1272 2104 iure
1287 2039 1416 2102 utrum-

242 2163 305 2226 que
328 2143 433 2210 locum
457 2142 598 2210 conferri
621 2147 793 2226 appareat.

331 2249 533 2318 Persuasum
563 2249 650 2317 enim
679 2251 786 2317 habeo
817 2249 919 2316 etiam
952 2251 1014 2316 hoc
1044 2249 1114 2316 loco
1146 2266 1322 2332 pronomen
1352 2249 1419 2318 ille

243 2356 314 2423 sine
330 2357 430 2423 verbo
453 2356 547 2423 finito
563 2357 706 2441 positum
730 2375 803 2424 esse
826 2362 862 2423 et
885 2375 916 2425 v.
941 2359 1039 2427 111111
1054 2375 1127 2422 cum
1149 2355 1260 2424 verbis
1277 2354 1418 2424 Scrofae
1491 2427 1500 2442 ‚

243 2462 513 2548 coniungendum.
547 2462 662 2530 Scribo
678 2462 794 2547 igitur:
812 2465 886 2548 Ille,
903 2464 1072 2532 Adicitur
1087 2466 1125 2532 ab
1137 2467 1241 2532 colcu
1252 2465 1417 2549 scriptore.

333 2570 406 2635 Iam
430 2568 561 2635 tollitur
588 2568 722 2636 offensio
751 2588 848 2651 quarn
875 2568 1130 2654 praepositionis
1153 2572 1191 2638 ab
1213 2587 1291 2635 usus
1315 2568 1418 2651 plane

244 2676 413 2743 inauditus
431 2674 603 2758 offerebat;
621 2678 774 2744 11111111
798 2680 993 2746 1111111111
1013 2680 1117 2746 codem
1132 2679 1284 2764 scriptore
1300 2675 1418 2742 eadem

244 2783 374 2850 ratione
402 2781 513 2864 posita
542 2787 620 2849 sunt
654 2788 755 2866 atque
787 2783 871 2850 haec
900 2784 920 2849 Ι
951 2787 1025 2867 221
1056 2785 1213 2853 dicuutur
1242 2786 1280 2853 al
1310 2785 1419 2852 eodem

244 2893 397 2977 scriptore
420 2907 504 2971 quae
528 2908 614 2956 nunc
637 2891 763 2956 demum
787 2889 858 2956 iure
881 2888 1024 2956 conferri
1047 2894 1196 2972 possunt.

331 2997 383 3063 De
415 2996 602 3079 corruptela
633 2997 692 3062 cfr.
716 2998 775 3063 III
801 3003 871 3073 16,7
896 3000 1092 3072 dicuutur>
1124 3021 1170 3078 ··3
1203 2995 1243 3062 de
1267 2994 1419 3062 subiecto

241 3105 268 3170 I
269 3105 308 3171 llo
330 3103 401 3170 sine
417 3101 547 3170 dicendi
569 3104 670 3170 verbo
687 3103 809 3185 posito:
827 3105 987 3171 thnast
1010 3125 1041 3187 p.
1065 3109 1147 3185 2783
1172 3102 1213 3170 de
1229 3101 1419 3170 accusativi

248 3228 321 3276 cum
338 3208 501 3277 infinitivo
517 3213 688 3276 structura
704 3228 746 3276 11
761 3209 926 3277 adiciendi
942 3211 1043 3278 verbo
1061 3209 1239 3291 pendente:
1256 3207 1417 3292 Schmidt,

242 3318 273 3381 J.
298 3316 416 3384 Jahrb.
444 3321 516 3399 143,
546 3321 617 3381 194.

784 3459 878 3525 uss.
941 3535 944 3542 .

331 3582 453 3652 Nouae
480 3584 623 3652 amemus
649 3583 717 3654 ulia
738 3583 860 3668 florere
889 3605 987 3654 111111
1014 3591 1164 3670 tompore,
1194 3583 1260 3652 alia
1288 3582 1417 3667 aestino,

246 3711 349 3776 meque
385 3692 492 3758 eadem
522 3692 707 3760 autumnali
738 3710 818 3773 auae
847 3690 1002 3776 hiburo?
1025 3692 1133 3776 itaque
1162 3690 1229 3760 ulia
1261 3697 1419 3760 seruatur

243 3803 338 3884 atque
360 3797 554 3866 iuseruutur
577 3805 605 3866 ct
627 3805 795 3867 metuatur
817 3805 892 3868 aute
906 3804 964 3866 out
981 3805 1055 3884 post
1069 3819 1166 3883 quam
1188 3797 1323 3880 alia,·ct
1345 3817 1418 3866 cum

243 3905 394 3992 pleraque
430 3925 501 3972 core
530 3899 628 3990 quam
658 3911 814 3974 autumuo
843 3906 1049 3985 iuserautur,
1082 3904 1210 3972 circiter
1243 3903 1416 3971 solstitium

242 4011 347 4081 iuseri
364 4011 447 4096 ficos
470 4031 528 4079 roeo
550 4033 618 4078 uou
641 4012 837 4080 brumalibus
860 4011 972 4078 diebus
994 4032 1127 4079 cerasos.

336 4114 497 4182 Stnctura
527 4114 591 4181 loci
624 4134 666 4182 11
687 4115 794 4182 Keilii
824 4114 970 4183 editione
1002 4133 1067 4181 non
1098 4113 1184 4182 satis
1211 4113 1418 4197 perspicitur.

245 4222 310 4309 Qui
334 4222 419 4289 enim
441 4221 566 4308 legitur
589 4221 801 4291 accusativus
825 4241 896 4289 cum
912 4221 1075 4290 infinitivo
1099 4225 1226 4292 circiter
1247 4223 1418 4292 solstitium

245 4331 348 4398 inseri
365 4331 448 4416 ficos
471 4333 545 4412 etc,
577 4327 737 4412 explicari
760 4328 876 4410 nequit
898 4327 964 4396 nisi
988 4347 1029 4395 11
1051 4326 1186 4397 videndi
1208 4328 1307 4395 verbo
1332 4327 1419 4410 quod

244 4434 416 4519 praecedit
439 4453 513 4503 eum
528 4436 671 4524 pendere
694 4435 786 4504 dicas
806 4439 842 4503 ct
857 4435 1022 4525 particula
1039 4445 1067 4508 ct
1082 4439 1162 4503 ante
1179 4457 1250 4506 cura
1262 4437 1420 4524 pleraque
