3070 4828
585 216 805 276 ...51-

655 392 674 469 e
699 394 749 455 34.

199 499 244 566 In
275 495 427 564 oratione
459 494 591 577 obliqua
623 512 694 562 eum
718 498 851 564 veteres
881 495 1088 580 potissimum
1111 497 1290 582 scriptores

110 605 307 686 omninoque
338 602 370 670 ei
400 602 456 683 qni
487 620 669 669 sermonem
700 601 901 670 cotidianum
937 603 972 669 in
1008 602 1103 672 libris
1135 605 1203 672 suis
1235 624 1290 672 ex·

111 714 308 794 presserunt
323 709 365 795 ¹),
397 709 432 776 in
463 709 648 776 enuntiatis
678 708 831 778 relativis
862 709 1003 791 aliisque
1033 710 1219 778 enuntiatis
1242 711 1290 779 in·

111 816 290 884 senioribus
313 833 378 883 non
400 835 475 882 raro
498 815 716 884 indicativum
739 815 948 900 retinuerint,
973 815 1075 883 etiam
1099 817 1187 899 apud
1202 819 1289 889 Var-

110 941 227 990 ronem
249 925 337 990 huno
351 940 583 1005 nonnunquam
599 921 792 1001 invenimur,
815 922 873 989 nbi
888 941 910 989 a
925 923 1087 990 communi
1102 942 1163 990 usu
1179 924 1290 1007 paullo

111 1030 253 1098 recedit.
302 1029 368 1098 Otr.
393 1031 482 1098 locos
505 1031 565 1098 hoa
589 1030 706 1112 quibus
729 1029 945 1100 indicativum
969 1030 1127 1099 exhibent

204 1136 241 1224 a)
270 1137 445 1204 enuntiata
476 1137 634 1204 relativa:
674 1136 772 1221 Iar
803 1139 891 1221 Quae
921 1142 963 1207 ait
993 1141 1108 1208 dorica
1137 1147 1226 1210 terre
1249 1189 1290 1208 ..

108 1248 155 1314 D.
184 1247 298 1314 scribit
324 1247 420 1332 dprce
447 1248 534 1314 cerei
555 1267 649 1331 posse
676 1253 734 1314 aut
761 1267 800 1313 ecc
827 1247 899 1325 ipsc
926 1253 984 1314 cet
1006 1266 1087 1329 qaae
1109 1254 1292 1316 efficeatur

109 1376 151 1421 ec:
172 1354 238 1436 cis,-
269 1352 302 1422 V
326 1357 344 1414 2
369 1355 607 1421 deracrcstretur
633 1355 672 1421 ire
695 1375 756 1437 pcc
779 1375 848 1421 eon
874 1355 959 1421 ciete
982 1354 1134 1439 pertendi
1163 1361 1193 1422 et
1216 1377 1290 1440 per·

108 1460 270 1544 tenditur,
293 1460 514 1528 Pertirceciern
538 1480 618 1543 ease·
641 1458 733 1528 VIII
749 1463 790 1520 69
815 1460 917 1541 Quom
931 1467 1108 1544 pcaerdw
1122 1462 1186 1528 cco
1205 1463 1292 1529 ieter

108 1589 143 1634 ec
166 1567 292 1635 similia
314 1567 382 1634 eicit
400 1588 510 1650 acere,
534 1588 603 1635 rcorc
618 1568 725 1634 debere
740 1568 939 1650 ectrirceecrce
953 1569 1081 1634 aderent
1096 1589 1155 1634 car
1170 1569 1291 1635 cimilia

108 1682 209 1757 aunt·
239 1673 297 1738 IX
322 1679 363 1736 46
387 1675 572 1758 respondeo,
596 1676 626 1741 si
648 1675 788 1742 varietas
809 1675 1012 1758 iucunditas,
1037 1676 1139 1761 mepte
1162 1675 1291 1742 cariem

113 1804 181 1849 csse
215 1782 255 1850 irc
285 1803 346 1865 quo
377 1782 444 1849 etia
474 1788 552 1849 eunt
581 1782 719 1865 similia,
751 1782 818 1849 atie
846 1802 917 1850 reor
950 1788 1029 1849 acet
1043 1777 1070 1865 ²)
1106 1778 1155 1846 sie
1185 1778 1291 1846 etiam

107 1887 142 1958 V
169 1891 252 1950 147:
278 1889 522 1972 ..appeliatum
544 1887 717 1956 Macellum
744 1894 781 1956 cc
807 1887 938 1973 puidam
966 1889 1111 1957 scribere
1138 1888 1293 1973 quodibi

106 1994 219 2076 suerit
244 1995 371 2070 emes,
400 1996 460 2062 ciii
483 1996 566 2080 quod
593 1995 638 2062 ibi
660 1996 772 2064 demus
798 1995 912 2080 fecerit,
944 1997 999 2062 ccci
1021 2017 1192 2082 copecrnerc
1213 1996 1293 2081 fecit

108 2101 290 2184 Macellus,
321 2119 402 2180 eccae
436 2102 480 2168 dri
509 2102 635 2186 pcdtice
673 2103 717 2168 eit
746 2103 857 2170 directe
872 2098 909 2185 8).
962 2100 1011 2166 ut
1045 2099 1080 2166 in
1119 2099 1291 2166 enuntiato

105 2205 259 2274 relativo
295 2224 337 2272 ex
370 2205 633 2290 interrogatione
669 2205 802 2288 obliqua
836 2223 994 2288 suspenso
1026 2206 1066 2272 Π
1099 2211 1172 2289 1,24
1203 2207 1293 2276 Scire

112 2319 239 2400 oportet
263 2321 339 2398 quot
359 2315 499 2400 feretrius
521 2315 633 2382 trudeat
654 2332 735 2394 quiec
752 2335 869 2399 parcre
886 2321 1033 2399 posceret.
1256 2316 1260 2322 ’

200 2417 240 2505 b)
269 2418 445 2486 enuntiata
476 2419 673 2501 temporalia
703 2421 813 2504 (comp
844 2418 980 2496 111,27
1013 2443 1082 2490 rior
1111 2421 1216 2490 sihic
1239 2472 1247 2487 .
1272 2470 1291 2503 .,

109 2552 185 2596 eccm
207 2529 336 2613 peperit
350 2529 448 2611 meta,
472 2529 515 2600 sit
527 2534 720 2612 porrectam,
744 2530 903 2597 ederatiri
918 2549 1025 2596 emeca
1040 2535 1144 2597 terres
1151 2551 1163 2612 ,·
1178 2526 1211 2596 V
1231 2531 1290 2592 105

107 2637 189 2704 haec
216 2631 301 2711 (scil.
326 2631 415 2729 puls)
438 2635 596 2718 appellata
619 2636 666 2702 eet
689 2637 773 2720 prod
794 2635 850 2702 ite'
868 2632 986 2702 Graeci
1009 2636 1056 2701 cet
1085 2637 1124 2702 cb
1147 2657 1181 2702 eo
1204 2636 1291 2704 eade

107 2742 226 2809 scribit
239 2739 462 2825 Apollodorus,
486 2742 570 2823 qood
591 2743 639 2809 ite
661 2749 750 2810 reciet
765 2764 838 2809 eccm
852 2763 955 2826 equae
969 2742 1109 2827 feruenti
1123 2743 1291 2826 incipitur.

203 2844 237 2930 e)
262 2843 438 2911 enuntiate
454 2845 603 2912 causalia
621 2845 746 2933 (quod)2
771 2846 804 2917 V
823 2851 883 2911 150
910 2845 1079 2918 Cornelius
1095 2855 1124 2915 ct
1138 2845 1291 2915 Lutatius

106 2955 264 3024 scriberet
290 2975 363 3020 cem
390 2954 493 3021 tecum
520 2975 586 3022 eece
611 2956 808 3041 taciperitem
835 2961 929 3022 cicc
950 2954 982 3022 S.
1007 2951 1040 3020 0.
1064 2960 1187 3038 septum
1210 2975 1293 3037 ecee·

105 3065 143 3130 id
171 3061 264 3146 quod
290 3061 412 3145 factum
439 3068 494 3128 est
520 3082 541 3129 a
569 3058 681 3129 Curtio
709 3063 850 3136 correcte,
879 3063 933 3130 ccci
959 3061 1006 3128 Μ.
1036 3061 1198 3128 Gcautiac
1227 3063 1295 3146 ficit

106 3170 248 3255 coitcpc,
275 3162 425 3233 Uectium
447 3168 648 3253 appellatum.
695 3167 728 3238 V
753 3173 793 3231 34
817 3191 893 3256 uper
915 3169 1019 3236 dictus
1039 3217 1046 3233 .
1070 3217 1077 3234 .
1100 3216 1107 3233 .
1127 3168 1189 3234 eiii
1211 3168 1294 3250 quod

105 3277 144 3343 id
172 3271 301 3340 Graeci
323 3273 436 3342 dicerit
460 3269 559 3353 ἀγρόν
573 3271 609 3359 ⁴).
656 3272 714 3340 IX
739 3279 799 3338 101
825 3277 890 3340 etc.

208 3483 231 3552 ¹)
250 3480 307 3537 Otr.
333 3480 508 3538 Badettbner
531 3482 576 3538 ‘ie
600 3481 726 3539 Sallustii
749 3500 776 3554 g.
796 3483 831 3538 (ι’
854 3497 918 3552 pag.
942 3482 990 3547 4⁰3
1013 3477 1154 3534 Hofmenn
1177 3478 1212 3534 ei
1237 3477 1292 3535 Cic.

111 3575 167 3642 Ep.
189 3573 206 3626 I
227 3585 290 3640 pag.
312 3570 377 3639 105;
398 3570 522 3626 Schmoln
541 3573 556 3640 5
576 3571 628 3626 286
646 3595 682 3618 =
701 3571 745 3641 ⁹p.
764 3573 815 3626 492
836 3570 921 3642 („Der
939 3565 1113 3638 Konjunktiv
1134 3567 1177 3624 als
1199 3572 1294 3624 unter-

110 3661 290 3733 geordneter
312 3659 408 3716 Modus
426 3660 465 3716 ist
483 3660 553 3716 noch
571 3659 649 3716 nieht
666 3660 839 3730 vollstandig
856 3674 919 3714 aum
937 3656 1117 3712 Durchbruch
1136 3657 1294 3728 gelangt.“)

214 3747 237 3818 ⁹)
257 3749 362 3803 Contra
380 3749 408 3804 in
428 3749 512 3805 simili
529 3748 715 3818 propositione
734 3747 936 3804 coniunctivum
956 3745 1075 3815 scriptor
1092 3746 1239 3818 usurpavit
1253 3746 1295 3802 IX

112 3841 149 3894 72
168 3833 222 3894 Ad
238 3852 308 3907 quac
327 3835 387 3892 dico
405 3837 436 3892 id
453 3855 484 3892 cc
500 3839 568 3908 ficri
583 3837 658 3908 quod
674 3841 776 3894 natura
794 3853 873 3892 ccmo
885 3835 962 3890 tusco
978 3836 1068 3907 mepte
1079 3836 1115 3892 stt
1128 3836 1221 3894 tuscas
1234 3853 1293 3891 cum

112 3927 230 3983 stultior
246 3925 312 3995 ficri
329 3925 461 3981 videatur.

217 4013 238 4083 3)
258 4011 315 4068 Gir.
342 4030 403 4070 cnm
424 4015 476 4070 hoc
500 4016 560 4070 loeo
588 4031 622 4072 ee
649 4029 720 4083 quae
749 4015 882 4084 leguntur
905 4013 935 4068 11
962 4013 1021 4081 ea:
1049 4013 1098 4068 atii
1124 4013 1297 4083 scripserant

116 4103 193 4174 (scil.
216 4101 328 4158 ltaliam
347 4119 408 4160 esee
428 4103 607 4174 appellatam)
626 4103 701 4174 quod
718 4119 756 4158 ccc
775 4101 871 4158 Sicilie
882 4100 1019 4158 Hercules
1028 4105 1191 4174 persecutus
1209 4099 1245 4153 sit
1262 4114 1294 4152 cc

115 4191 240 4248 nobilem
260 4195 377 4259 tauram,
396 4193 444 4264 qai
461 4193 496 4248 dr'
501 4198 636 4248 erretur
654 4191 744 4248 italus.

217 4277 239 4350 ⁴)
259 4279 390 4338 Similiter
409 4283 454 4352 (nt
472 4281 541 4337 elias
561 4280 766 4336 enuntiatorum
784 4280 888 4336 termas
901 4276 1064 4345 subiungam
1076 4274 1105 4329 in
1118 4272 1215 4341 quibua
1227 4272 1295 4330 item

118 4367 285 4426 sententiae
297 4369 476 4426 secundariae
495 4374 527 4425 nt
545 4385 580 4424 ex
597 4374 691 4425 mente
710 4367 827 4426 subiecti
845 4363 1039 4435 pronuntiatae
1059 4366 1089 4417 et
1106 4377 1167 4416 curn
1186 4360 1293 4418 enunti-

118 4464 168 4514 ate
187 4457 322 4526 primario
341 4458 447 4516 arctius
472 4458 651 4516 cohaerentes
674 4456 748 4526 apud
767 4452 953 4524 elegantiores
972 4449 1123 4522 ¹scriptores
1142 4448 1293 4506 coniuncti·

1096 4551 1132 4608 4*
