3070 4828
586 193 807 256 ..ss3-

106 365 273 450 scriptura
295 367 331 433 in
355 365 488 433 dubium
512 369 636 434 vocata
658 370 734 434 erat
757 367 800 433 ab
823 365 1071 448 interpretibus.
1119 365 1279 436 Similiter

107 473 246 558 scripsit
268 474 379 545 Varro
402 471 455 541 VI
484 480 524 537 55
554 474 603 542 Ab
631 477 736 544 codam
842 473 991 546 Fallacia
1013 499 1094 562 pace
1110 483 1280 564 propteroa

109 584 195 664 qaod
221 583 323 670 fando
346 604 438 668 paen
460 581 576 668 decipit
598 604 636 650 ac
658 588 771 650 contra
794 604 890 666 qaam
912 582 997 650 discit
1018 579 1137 670 foas).

198 686 357 754 Oratores
391 685 532 769 simplici
562 688 663 754 verbo
694 689 802 770 inanit
829 686 881 753 uti
906 685 941 752 iu
964 685 1140 754 afferendis
1164 687 1279 756 adver·

106 791 204 876 surii,
228 811 322 876 quem
350 792 416 877 ipsi
431 791 495 860 sibi
522 792 667 878 fingunt,
691 790 803 861 vorbis
833 791 884 880 (eo
907 791 1058 860 nimirum
1081 793 1217 860 oonsilio
1240 799 1278 863 ut

107 900 310 966 sententiam
334 899 398 966 sibi
421 899 605 983 oppositam
628 897 801 984 refellant)
817 917 859 964 ex
875 897 1043 965 Ciceronis
1058 899 1152 965 libris
1175 899 1278 984 philo·

106 1004 251 1087 sophicis
286 1009 400 1072 notum
435 1011 503 1090 est;
538 1004 598 1072 cir.
633 1004 774 1072 Kiihnsr
803 1025 834 1088 p.
866 1011 897 1069 4.
944 1004 1000 1073 Sic
1033 1005 1135 1074 etiam
1169 1006 1278 1077 Varro

102 1111 162 1177 IX
196 1118 254 1177 48:
290 1111 379 1198 Cani,
411 1114 532 1198 inanit,
569 1115 721 1182 utilitatis
751 1135 850 1181 caasa
878 1114 1063 1182 introducta
1092 1115 1135 1182 sit
1165 1117 1277 1200 oratio,

104 1221 304 1300 anaemaris
327 1223 392 1285 etc.
417 1217 455 1286 Ο.
478 1218 599 1285 Miiller
623 1218 773 1285 ediderat
796 1221 964 1306 inpaiant.

198 1324 368 1412 Singulari
394 1325 524 1392 ratione
552 1325 647 1392 deest
676 1324 857 1392 subiectum
881 1325 920 1391 H
940 1329 1031 1402 4,1e=
1054 1326 1170 1414 Itaque
1192 1330 1279 1416 apud

103 1434 269 1502 Plantam
289 1437 328 1502 in
344 1435 583 1518 Menaechimis,
605 1456 678 1501 caat
696 1435 853 1502 insannrn
873 1456 964 1518 paam
977 1440 1084 1519 potat,
1106 1442 1144 1502 at
1158 1437 1276 1522 piatur,

103 1542 143 1609 in
168 1543 280 1628 oppido
295 1540 480 1628 Epidamno
502 1541 699 1626 intarropat:
720 1535 849 1623 ‘quanti
870 1541 922 1608 hio
930 1542 1025 1626 porci
1039 1548 1118 1609 sani
1132 1540 1275 1610 sanasi’

198 1645 403 1732 Quibusdam
427 1645 508 1711 locis
531 1645 625 1713 verbi
640 1643 727 1711 finiti
743 1644 921 1730 singularis
943 1644 1134 1716 referendus
1157 1653 1210 1714 est
1234 1648 1278 1714 ud

104 1751 230 1818 animal
262 1771 305 1818 ne
332 1750 367 1818 id
394 1751 524 1834 quidem
553 1769 708 1836 expresso
737 1752 897 1819 vocabulo
926 1755 1028 1819 antea
1050 1756 1275 1821 memoratum.

105 1859 163 1926 Sic
185 1860 226 1925 H
252 1864 335 1942 1,23,
360 1863 536 1942 postquam
559 1859 635 1925 inde
658 1877 679 1924 a
703 1862 777 1940 §21
804 1858 1009 1927 enumeravit
1033 1859 1149 1942 quibus
1173 1860 1277 1946 signis
1406 1912 1412 1927 .

19 2005 20 2016 κ
104 1965 235 2048 pecoris
264 1965 368 2032 morbi
398 1964 550 2050 cognosci
577 1964 719 2048 possint,
748 1964 797 2032 sic
823 1965 934 2050 pergit
966 1966 1119 2049 scriptor:
1152 1971 1276 2038 coratio

104 2081 243 2141 antem.
271 2125 277 2140 .
302 2075 394 2141 haec:
426 2075 659 2159 perfunditur
686 2095 772 2160 apaa
798 2081 828 2140 ot
849 2077 1072 2160 poranpaitnr
1094 2076 1158 2141 olco
1182 2123 1190 2139 .
1217 2120 1223 2135 .
1248 2082 1277 2142 et

102 2181 179 2247 itan
203 2181 267 2248 cibo
291 2182 472 2248 sastinatnr
489 2215 526 2227 -
545 2177 614 2244 soil.
640 2197 680 2244 ea
703 2197 803 2261 pecus
826 2197 910 2260 quoe
932 2180 1043 2244 morbo
1067 2176 1189 2245 affecta
1212 2183 1275 2245 cst.

19 2347 20 2350 ,
192 2285 253 2351 ΠΙ
286 2291 357 2360 1o‚1
391 2287 575 2354 Glirarian
604 2339 611 2352 .
642 2338 649 2354 .
678 2287 830 2354 dissimili
859 2287 986 2356 rationo
1016 2287 1161 2372 habetor,
1193 2289 1276 2373 qnod

103 2414 173 2462 non
193 2415 294 2488 ¹apaa
328 2395 381 2460 sad
415 2395 555 2461 macaria
585 2394 672 2460 locas
701 2393 862 2478 sarnitan·
896 2399 961 2462 tota
992 2395 1053 2462 lori
1084 2395 1188 2480 brada
1217 2401 1276 2462 aat

102 2501 232 2568 tortorio
255 2501 454 2568 intrirasaoas
476 2501 689 2584 incrustator,
718 2522 761 2569 na
788 2523 828 2568 aa
854 2523 892 2568 aa
915 2523 1038 2586 crapas
1058 2504 1182 2588 possit
1204 2499 1273 2566 scil.

99 2607 162 2690 plis
192 2604 276 2686 quod
308 2605 504 2671 vocabulum
535 2603 794 2671 subaudiendum
824 2623 866 2671 ex
888 2623 918 2673 v.
943 2609 1136 2694 ploranda·
1165 2607 1275 2689 paullo

101 2709 190 2777 infra
214 2710 339 2795 legitur
361 2715 449 2782 ando
467 2715 574 2781 satori
591 2713 682 2798 flant
704 2711 774 2778 scil.
795 2715 902 2800 pitres.

192 2818 251 2884 HI
275 2820 328 2900 4‚3
351 2820 408 2886 En
430 2821 474 2887 iis
497 2817 583 2904 (soil.
612 2818 738 2885 duobus
767 2818 951 2886 ornithonis
974 2819 1164 2906 generibus)
1188 2823 1276 2890 tertii

102 2927 233 3010 pannis
261 2928 362 2993 rolnit
390 2949 453 2993 ossa
475 2927 636 2994 Iraaoaltas
663 2927 872 2994 conianotarn
899 2929 1071 3012 aviarium,
1096 2929 1179 3012 qaod
1200 2929 1276 3013 fecit

103 3033 142 3100 in
178 3031 379 3117 Tusculano,
411 3039 448 3099 nt
475 3034 513 3100 in
541 3035 646 3101 eodan
667 3039 746 3100 teoto
773 3034 957 3103 ornithonis
984 3036 1148 3102 inctnsnrn
1173 3036 1274 3103 tricti-

102 3141 199 3206 niara
221 3140 355 3222 habaet,
384 3140 439 3206 abi
461 3140 592 3207 ddioato
619 3141 772 3209 oscitaret
795 3147 824 3208 et
850 3140 948 3210 aiios
970 3143 1089 3210 ridant
1111 3143 1150 3210 in
1171 3165 1274 3210 maro-

103 3267 197 3312 nonio
215 3247 337 3331 positos
360 3252 468 3320 coctos,
493 3247 574 3314 alios
596 3248 728 3315 actitare
751 3249 873 3315 oiroaan
891 3250 1050 3332 fenestras
1072 3255 1186 3333 captos.
1218 3245 1275 3313 Au

102 3368 133 3418 v.
158 3353 259 3420 alios
282 3350 496 3434 supplendum
520 3351 689 3418 turdorum
705 3370 822 3418 nomen
838 3351 894 3431 qui
909 3352 1154 3418 commemorati
1176 3359 1274 3419 erant

102 3456 157 3522 ubi
180 3458 285 3524 verba
307 3456 434 3524 fiebant
463 3456 504 3523 de
533 3457 674 3525 secundo
706 3456 889 3524 ornithonis
916 3475 1050 3542 genere,
1075 3458 1216 3528 nondum
1238 3459 1272 3526 in

102 3580 142 3630 cc
163 3567 262 3646 parte
285 3581 370 3645 quae
394 3564 434 3631 de
458 3563 560 3632 tertio
583 3583 704 3648 genere
728 3567 791 3630 cst.

188 3669 341 3752 Denique
371 3689 413 3738 ex
442 3689 524 3739 voce
552 3690 582 3752 q.
607 3690 635 3738 e.
666 3674 865 3742 nranimento
894 3670 1104 3756 intelligendi
1134 3678 1212 3742 sunt
1241 3673 1273 3744 oi

104 3774 251 3844 homines
282 3777 399 3860 quibus
431 3777 568 3846 mortuis
595 3777 656 3844 illc
683 3781 893 3846 monumenta
921 3782 1095 3847 exstructa
1119 3785 1197 3850 sunt
1221 3782 1274 3851 VI
1357 3854 1360 3862 ,

103 3889 159 3949 49:
185 3887 232 3954 sio
255 3882 340 3969 (scil.
367 3904 387 3951 a
410 3883 566 3952 memoria
596 3883 687 3950 diota
717 3881 810 3969 sunt)
835 3887 1040 3957 Musicanis
1062 3907 1144 3968 anae
1167 3892 1205 3958 in
1226 3911 1273 3960 se·

96 3993 230 4076 patna,
255 3999 285 4062 at
307 3994 376 4062 ideo
399 3995 576 4062 secandam
591 3994 677 4062 aian
697 4011 758 4072 pao
767 3996 1007 4080 praetereuntis
1028 3996 1221 4065 admoneant
1244 4003 1273 4064 et

100 4121 136 4167 se
157 4101 261 4186 fnisse
283 4107 313 4168 et
335 4101 408 4169 iilos
431 4123 496 4170 esso
517 4101 672 4170 mortalis.

173 4256 197 4326 ¹)
216 4255 292 4310 Hcoc
306 4255 430 4325 exempla
443 4255 534 4312 omnis
546 4256 668 4312 eiusdem
680 4254 744 4310 libri
754 4271 824 4326 esse,
835 4271 869 4312 ex
881 4257 982 4313 ceteris
993 4255 1072 4312 libris
1083 4255 1161 4312 nullu
1173 4271 1270 4327 suppe-

103 4346 176 4411 tere,
199 4359 252 4399 non
277 4343 377 4399 mirum
400 4343 553 4412 videbitur,
577 4344 601 4400 si
619 4345 648 4399 in
666 4343 824 4400 memorium
848 4344 900 4400 tibi
923 4342 1097 4401 revocareris
1121 4345 1220 4401 disseri
1235 4362 1270 4404 eo

101 4429 169 4486 libro
190 4431 241 4502 „de
259 4432 398 4490 vocabatis
416 4438 567 4505 temporam
586 4437 613 4488 el
630 4447 725 4488 aarum
743 4448 837 4488 raram
856 4449 926 4503 qaae
944 4433 973 4488 ia
992 4431 1098 4502 apersda
1114 4435 1210 4504 fiant.“
