3070 4828
628 218 848 278 -37-

245 389 310 456 Sed
332 389 436 455 etiam
458 389 624 456 nonnullis
646 388 728 456 locis
749 388 876 471 quibus,
900 406 973 455 cum
989 387 1051 454 duo
1067 383 1244 454 enuntictc
1259 402 1325 452 non

141 495 326 582 particulis
350 495 574 578 conelctivis,
605 496 664 563 sed
686 494 828 578 simplici
850 494 1017 577 particula
1039 495 1095 580 (et,
1119 496 1169 577 aa)
1193 491 1324 559 coniun-

143 609 314 688 gerentur
336 603 426 669 inter
448 621 494 687 se,
519 604 621 670 etiam
644 602 679 669 in
704 603 812 668 altero
835 603 978 669 membro
993 605 1164 668 structura
1179 599 1325 668 relatiua

143 709 283 778 servari
312 713 461 791 poterat,
498 714 611 776 tamen
643 709 785 792 scriptor
814 709 910 776 nimis
941 708 1122 791 impeditae
1151 708 1325 775 uerborum

144 819 329 884 iuncturae
358 816 652 884 inconcinnitatem
682 816 843 899 praetulit
858 815 900 901 ¹);
941 816 999 885 cfr.
1038 817 1126 882 147
1158 815 1205 883 Ia
1233 815 1324 882 semi·

140 926 677 1012 marioqaaaearcaiieoaacita
700 933 877 994 eteorum
903 925 1050 994 maliiara
1076 929 1173 992 eram
1202 928 1325 990 catara

138 1034 323 1102 cacumina
339 1084 345 1101 .
360 1085 367 1100 .
380 1055 418 1100 ea
430 1055 555 1101 samma
580 1034 751 1119 imteqemda
765 1033 851 1101 bimis
866 1032 1003 1113 tabelli&
1017 1029 1057 1096 Π
1071 1035 1086 1092 1
1105 1031 1189 1094 extr.
1213 1027 1325 1096 Aitcra

149 1179 189 1189 -
221 1138 294 1205 scil.
310 1138 437 1220 species
457 1145 512 1206 cst
531 1175 567 1187 -
594 1161 704 1223 qaam
726 1141 895 1226 scriptores
917 1139 1034 1206 Graeci
1056 1185 1114 1200 ...
1139 1137 1324 1215 τυροκοιίαν

136 1249 356 1335 appelmmmt
387 1269 425 1316 ao
453 1249 654 1328 scripserant
683 1248 725 1314 da
755 1267 797 1314 ea
825 1266 866 1314 re
898 1245 1072 1330 permulta,
1106 1259 1190 1324 qnae
1219 1240 1324 1308 uerba

141 1357 277 1435 quanto
308 1351 438 1418 facilins
470 1357 605 1419 cumani
634 1357 776 1435 apparet
804 1369 901 1434 quam
930 1349 959 1417 si
986 1349 1176 1433 scripsisset
1206 1364 1323 1430 „quam

139 1483 217 1541 τυρ.
238 1459 445 1542 appellarunt
469 1478 509 1526 ac
533 1458 573 1526 de
597 1477 662 1540 qua
677 1458 881 1542 scripserunt
901 1458 1096 1542 permultae
1128 1455 1203 1523 Non
1219 1454 1323 1521 multo

139 1567 302 1633 diversus
332 1568 386 1632 est
415 1583 494 1632 usus
527 1565 727 1648 pronominis
759 1563 1014 1632 demonstrativi
1043 1563 1079 1629 in
1113 1562 1165 1628 bis
1196 1560 1321 1630 uerbis:

139 1673 207 1741 ΙΠ
230 1676 325 1749 16,ῑῖ
342 1674 529 1742 Melittomae
545 1721 552 1736 .
571 1721 579 1738 .
596 1719 605 1733 ·
623 1694 701 1757 qaas
716 1675 775 1742 aiii
790 1675 991 1754 mcelitrophc'a
1006 1673 1176 1758 appeliant,
1193 1671 1325 1738 eamdem

138 1805 216 1850 rma
241 1781 371 1864 quidam
393 1782 540 1849 aceldama
562 1779 619 1845 ubi
641 1799 672 1846 v.
694 1783 826 1850 eamdem
840 1803 907 1848 ram
922 1782 1053 1865 ammam
1067 1780 1213 1848 miliaria
1228 1774 1324 1857 qnasi

137 1887 178 1954 in
203 1885 400 1968 parenthesi
424 1885 541 1952 addita
564 1905 638 1954 esso
660 1886 774 1970 putari
796 1891 945 1969 possunt.

240 1991 297 2058 Ad
318 2010 375 2058 eos
396 1992 486 2060 locos
510 1993 627 2074 quibus
650 2011 827 2076 pronomen
854 1991 1032 2060 relativum
1060 1991 1224 2075 excipitur
1250 2009 1323 2073 pro-

136 2097 280 2166 nominc
310 2098 588 2182 demonstrativo,
624 2099 770 2182 proxime
803 2099 966 2166 accedunt
996 2097 1113 2180 quibus
1149 2098 1322 2165 enuntiato

137 2203 294 2272 relativa
316 2204 450 2271 adiecta
474 2210 527 2274 est
550 2206 661 2274 altera
683 2206 854 2274 sententia
877 2207 920 2273 sd
945 2223 1123 2289 pronomen
1144 2203 1323 2271 relativum

140 2310 279 2378 omnino
302 2329 366 2377 non
388 2311 568 2393 pertinens.
616 2311 680 2397 Qui
707 2313 773 2379 loci
800 2331 873 2379 oum
899 2312 1088 2395 plerumque
1113 2310 1166 2378 ito
1194 2328 1322 2394 compa-

136 2416 217 2485 rati
246 2417 327 2500 sint,
356 2422 395 2485 ut
422 2418 511 2500 prior
539 2419 709 2486 sententia
737 2420 908 2487 contineat
936 2438 1071 2486 oausam
1100 2417 1239 2486 alterius
1263 2424 1323 2486 aut

138 2522 280 2592 omnino
305 2561 342 2574 -
369 2525 399 2592 si
422 2529 551 2608 tempus
575 2531 709 2608 spectas
734 2564 776 2576 -
800 2526 901 2594 elteri
925 2527 1116 2603 antecedat,
1144 2527 1224 2593 item
1248 2545 1322 2610 cog-

136 2629 297 2698 noscitur
332 2628 422 2716 (ride
454 2651 555 2715 supra
585 2636 603 2714 ξ
636 2638 689 2714 22)
721 2635 905 2705 Varronem
942 2633 1183 2717 propositiones
1218 2652 1322 2716 aequo

138 2736 264 2805 ordine
287 2737 415 2819 positas
439 2739 616 2807 sententiis
639 2759 724 2823 quae
748 2741 918 2807 subiectae
941 2745 1020 2808 sunt
1044 2741 1153 2807 altera
1169 2740 1268 2807 alteri
1284 2758 1322 2805 eo

130 2860 251 2926 usque
281 2844 463 2929 praeferre,
495 2851 533 2913 ut
563 2867 605 2914 ne
634 2848 877 2915 inconcinnitas
906 2848 1035 2930 quidem
1064 2852 1254 2915 structurae
1282 2864 1323 2912 ea

131 2950 348 3034 coniungere
372 2969 445 3018 eum
467 2952 642 3035 probibeat
666 2973 751 3036 quae
775 2955 951 3021 subiuncta
975 2972 1048 3021 esse
1064 2954 1234 3021 sententia
1249 2972 1321 3022 ver-

130 3062 263 3126 borum
287 3056 454 3124 ostendat.
501 3058 566 3144 Qni
588 3061 651 3126 buc
675 3065 831 3143 spectant
854 3061 915 3129 loci
940 3060 1142 3133 Varroniani
1166 3065 1244 3128 sunt
1271 3059 1320 3128 bi:

129 3167 153 3233 I
183 3169 232 3228 35
258 3211 291 3228 .·
302 3167 458 3246 mammos
475 3167 565 3252 fieri,
589 3187 667 3248 qaas
689 3170 905 3256 imriqatiomce
927 3176 956 3238 et
973 3171 1106 3257 plamae
1128 3177 1322 3256 tempestates

132 3274 286 3342 abiam
314 3279 343 3339 at
373 3294 488 3359 aarum
517 3274 647 3358 faciant
674 3277 863 3345 macriorem
886 3273 943 3361 (=
967 3292 1048 3356 quos
1079 3291 1150 3340 cum
1181 3274 1321 3341 abluant

132 3374 366 3458 inrigationes
396 3423 402 3438 .
429 3429 435 3442 .
465 3396 581 3462 agrum
612 3377 741 3446 iaciunt
772 3379 993 3466 macriorem);
1028 3380 1049 3445 I
1079 3386 1153 3460 49‚2
1183 3383 1321 3468 falcibus

134 3480 255 3567 (sunt)
279 3487 488 3554 commanda
512 3507 593 3569 qaae
614 3489 785 3573 faemicires
804 3490 1046 3572 praeterierant
1064 3510 1102 3556 aa
1117 3490 1211 3570 quasi
1226 3490 1322 3557 locria

135 3592 329 3660 tuberosum
351 3593 553 3674 reliquerant
575 3615 738 3680 campum·
760 3594 819 3659 HI
836 3598 910 3676 2,13
926 3614 1007 3675 qaas
1021 3595 1053 3663 S.
1071 3597 1180 3684 lauisse
1195 3597 1322 3664 ridetur

135 3705 169 3766 et
195 3697 270 3762 ideo
291 3719 330 3764 cro
352 3698 617 3782 impactionibus
642 3746 648 3760 ·
671 3749 678 3764 .
701 3704 838 3770 maiores
859 3704 988 3788 fractas
1010 3725 1137 3790 capara·
1159 3701 1192 3774 V
1217 3707 1235 3766 8
1259 3729 1321 3791 qao

136 3803 371 3890 philosophia.
390 3809 558 3888 pervenit
580 3814 674 3891 atque
696 3829 733 3876 ea
749 3857 757 3874 .
776 3858 782 3874 .
801 3858 808 3875 .
825 3809 951 3894 aperire
974 3813 1089 3895 caepim
1112 3808 1170 3880 cfr.
1194 3810 1320 3894 Ι1,10;

137 3907 207 3976 III
233 3912 283 3989 7,1
309 3912 410 3990 extr.;
433 3909 477 3975 ib.
501 3913 522 3991 ξ
546 3917 565 3974 4
589 3916 676 3978 extr.

235 4013 387 4096 Denique
411 4015 582 4096 quaeritur
603 4017 721 4095 verbe,
746 4035 831 4098 qnae
854 4021 873 4087 Ι
898 4026 949 4103 1,2
973 4021 1143 4106 leguntur,
1167 4040 1243 4089 num
1266 4021 1320 4087 bic

241 4259 263 4326 ¹)
281 4259 323 4316 Ne
344 4259 390 4316 bic
414 4260 523 4330 quidem
541 4263 570 4318 in
588 4263 758 4322 brevissimis
776 4266 1009 4336 propositionibus
1027 4281 1137 4322 ccuscm
1156 4265 1251 4336 inisse,
1270 4283 1320 4325 cur

143 4364 162 4404 c
182 4345 315 4404 concinna
337 4355 481 4408 sunctum
503 4353 693 4420 recederetur,
712 4359 841 4425 apparet3
861 4353 911 4410 cfr.
930 4370 953 4408 e.
972 4371 1000 4423 g.
1019 4355 1035 4407 Ι
1053 4357 1077 4421 2,
1097 4357 1203 4425 laquo
1220 4355 1321 4414 redcat

142 4440 170 4490 ct
187 4435 264 4490 uada
282 4436 426 4507 (mariaci
