3070 4828
734 195 952 254 ..80-

261 386 346 451 quae
382 367 543 451 suscepit,
575 367 619 434 ad
649 385 785 434 munera
820 366 936 448 quibus
970 365 1102 435 functus
1138 372 1191 435 est
1225 370 1440 450 spectantes3

259 478 394 545 veteres
417 475 510 558 leges
534 473 676 557 scriptor
702 474 736 541 in
766 474 891 542 litteris
914 473 1164 543 versatissimus
1188 479 1440 558 commemorat,

263 582 355 650 dicta
369 585 552 665 poetarum,
569 581 641 644 ἔπεα
653 581 835 661 πτερόεντα,
851 580 979 662 laudat,
995 600 1057 648 nec
1071 581 1243 664 popularia
1257 583 1442 664 proverbia

264 689 415 771 despicit.
450 687 601 769 Denique
625 691 783 769 quantum
806 692 920 769 posset
943 688 1123 754 orationem
1149 687 1278 754 studuit
1300 689 1443 757 variare

264 800 299 863 et
323 794 419 878 quasi
442 793 553 860 anima
576 813 616 860 ac
638 793 711 862 vita
734 793 878 860 induere.

351 900 522 984 Exemplis
549 900 633 966 baec
662 899 770 967 omnia
797 901 949 967 illustare
977 905 1012 967 et
1040 899 1231 967 confirmare
1259 919 1323 967 non
1355 919 1439 983 opus

261 1028 335 1076 esse
359 1027 491 1086 censam
516 1006 556 1074 de
579 1025 703 1074 unare
727 1025 812 1088 quae
836 1026 877 1074 ex
898 1008 960 1073 hoc
983 1025 1103 1092 genere
1127 1009 1181 1073 est
1203 1025 1311 1090 pauca
1328 1007 1433 1074 adno-

262 1117 353 1198 tabo,
379 1114 420 1181 de
443 1111 731 1181 translationibus.

801 1348 821 1427 s
846 1351 898 1410 eo.

637 1468 694 1535 De
718 1467 1066 1536 translationibus.

353 1592 429 1661 Non
451 1592 487 1659 id
510 1593 595 1676 quod
618 1596 731 1660 notum
754 1597 808 1660 est
834 1598 984 1676 repetam
1014 1598 1085 1660 tam
1109 1595 1236 1677 amplos
1258 1594 1341 1662 fines
1366 1613 1443 1663 esse

264 1701 542 1783 metaphorarum,
574 1704 613 1768 ut
643 1699 752 1767 omnia
783 1698 853 1766 fere
884 1700 1046 1767 vocabula
1077 1719 1161 1782 quae
1193 1702 1444 1769 abstractorum

264 1807 394 1874 nomine
418 1809 593 1892 complecti
616 1808 766 1883 solemus,
799 1825 840 1873 ex
867 1807 931 1874 hac
953 1807 1060 1892 figura
1083 1807 1242 1891 originem
1274 1808 1442 1884 duxerint,

268 1913 328 1981 sed
351 1914 391 1982 de
415 1914 463 1982 eis
488 1915 560 1982 dico
584 1932 668 1996 quae
691 1914 831 1981 nondum
860 1914 942 1980 adeo
966 1934 1027 1982 usu
1050 1915 1135 1982 trita
1159 1919 1246 1999 sunt,
1271 1920 1310 1981 ut
1333 1921 1441 1983 meta·

264 2020 387 2102 phorce
410 2025 532 2089 natura
555 2020 739 2089 evanuerit.

353 2127 498 2195 Medium
525 2129 632 2195 locum
660 2127 750 2194 inter
771 2127 856 2193 baec
879 2126 941 2194 duo
964 2145 1088 2212 genera
1110 2127 1140 2195 is
1163 2146 1241 2196 usus
1266 2131 1361 2196 tenet
1387 2129 1444 2212 qui

265 2233 429 2302 latissime
463 2239 560 2318 patet
595 2234 683 2318 apud
710 2236 909 2313 Varronem,
949 2233 1020 2300 scil.
1056 2239 1094 2300 ut
1131 2254 1238 2302 rerum
1277 2236 1445 2303 vocabula

265 2342 408 2410 subiecti
438 2343 511 2410 loco
541 2343 652 2426 posita
684 2362 756 2409 cum
787 2340 898 2410 verbis
930 2340 1051 2425 agendi
1082 2341 1325 2426 coniungantur
1355 2360 1445 2422 quae

265 2448 397 2531 propria
428 2467 526 2516 sensu
556 2449 622 2517 nisi
653 2449 693 2515 de
727 2447 911 2515 bominibus
947 2447 1012 2514 dici
1046 2467 1110 2514 non
1144 2454 1293 2531 possunt.
1340 2448 1445 2515 Hunc

265 2573 359 2620 usum
390 2555 557 2623 tractavit
580 2557 636 2623 W.
658 2556 753 2623 Beck
781 2552 944 2622 ‘subiecta
975 2553 1025 2621 rei
1055 2573 1128 2622 cum
1160 2555 1301 2622 actionis
1328 2554 1444 2624 verbis

267 2660 484 2746 coniungendi
519 2679 597 2730 usus
633 2659 708 2729 etc?
746 2667 782 2728 et
817 2661 967 2744 exempla
1000 2661 1211 2732 Varroniano
1246 2663 1333 2744 apud
1367 2683 1444 2730 eum

266 2787 422 2854 magnam
456 2772 586 2852 partem
621 2766 726 2836 totius
761 2766 1048 2835 commentationis
1083 2766 1240 2834 efficiunt.
1298 2770 1340 2836 In
1376 2770 1443 2838 dis·

266 2875 424 2960 ponendis
459 2875 541 2943 locis
580 2894 621 2942 ex
657 2873 879 2943 substantivis
908 2873 1077 2957 profectus
1109 2878 1162 2941 est
1185 2874 1351 2942 Ahlenum
1382 2877 1444 2943 im·

266 3001 418 3068 pugnans
446 2983 502 3065 qui
528 3001 587 3067 per
615 2981 738 3067 agendi
764 2983 868 3051 verba
892 2981 1042 3063 exempla
1064 2980 1282 3064 disposuerat.
1321 2983 1443 3050 Bockii

265 3089 355 3155 ratio
386 3107 470 3170 quae
501 3089 666 3157 nonnullis
695 3089 732 3156 in
761 3087 914 3171 partibus
941 3088 1033 3155 haud
1064 3087 1161 3155 dubie
1188 3089 1360 3171 probanda
1391 3093 1444 3158 est

265 3194 360 3264 velut
383 3194 418 3262 in
441 3215 481 3264 ea
504 3216 569 3279 qua
584 3215 638 3264 res
662 3197 704 3264 ab
721 3194 870 3278 antiquis
894 3195 1006 3263 divina
1027 3194 1136 3261 indole
1158 3195 1331 3278 praeditas
1356 3215 1443 3263 com·

266 3303 382 3386 plexus
406 3307 459 3370 est
483 3308 624 3388 (actara,
646 3304 779 3387 scateam
803 3302 885 3389 etc.)
902 3321 999 3384 quam
1023 3306 1114 3368 recte
1137 3302 1171 3368 in
1194 3306 1270 3369 tota
1292 3303 1443 3385 disputa·

266 3409 357 3476 tione
381 3409 533 3477 adhibita
549 3410 605 3488 sit,
630 3410 707 3477 inde
731 3428 893 3494 cognosce
909 3409 995 3492 quod
1017 3408 1083 3475 loci
1106 3427 1186 3490 quos
1210 3409 1360 3492 separari
1377 3427 1443 3475 om-

267 3514 344 3582 nino
367 3515 536 3582 nonlicet
564 3516 652 3598 apud
682 3515 776 3582 illum
803 3515 946 3598 undique
974 3515 1186 3597 conquirendi
1213 3520 1306 3598 sunt3
1337 3516 1443 3598 velut,

267 3626 306 3687 ut
330 3640 372 3687 ex
394 3623 481 3690 nube
505 3624 727 3706 exemplorum
743 3641 842 3690 unum
865 3621 1033 3707 eligamI
1057 3627 1131 3706 13,2
1155 3622 1229 3688 baec
1249 3621 1333 3687 caim
1356 3620 1442 3707 (scil.

268 3727 420 3809 plaustra
437 3730 515 3809 etc.)
540 3731 693 3812 ..farem
708 3729 798 3795 modo
812 3749 876 3794 coa
896 3734 1039 3794 metuant
1060 3755 1102 3790 ω
1126 3729 1145 3796 Ι
1167 3734 1240 3814 22,t
1258 3748 1338 3812 qaae
1360 3729 1444 3792 caim

268 3853 320 3898 res
343 3832 453 3898 cotidie
474 3834 629 3914 videatur,
652 3836 759 3902 minas
782 3840 925 3902 metuant
945 3837 1059 3917 sarem.

807 4063 827 4152 ς
853 4072 904 4129 ee.

359 4207 416 4276 Au
438 4206 589 4292 proprias
612 4210 725 4274 autem
740 4206 982 4275 translationes
997 4209 1089 4274 recte
1104 4205 1341 4291 intelligendas
1365 4225 1442 4274 nun·

271 4336 367 4399 quam
391 4314 725 4399 praetermittendum
749 4319 802 4381 est
817 4315 1002 4386 Varronem
1032 4313 1168 4398 egregia
1190 4317 1311 4396 poetae
1334 4313 1442 4381 indole

271 4421 458 4507 praeditum
481 4421 598 4506 fuisse;
631 4421 716 4489 unde
741 4438 805 4488 non
828 4440 904 4489 raro
928 4419 1062 4489 difficile
1087 4426 1140 4490 est
1163 4438 1345 4489 sermonem
1368 4439 1441 4504 poe·
