3070 4828
577 217 797 276 ...59-

104 387 147 454 sio
170 387 285 452 ortam
310 401 385 454 esse
408 385 497 452 hano
519 385 647 454 deeuti
670 387 833 457 rationem
855 393 894 456 ut
917 407 989 458 cum
1008 389 1276 474 frequentissimo

101 493 132 559 in
161 511 225 559 usu
256 497 372 560 essent
401 493 506 560 verba
536 511 609 560 cum
638 495 758 564 vocula
788 519 845 566 re·
873 497 1069 582 composite,
1099 499 1152 568 ris
1179 499 1275 570 hnine

102 599 253 686 syllabae
275 598 385 686 magis
408 598 580 684 mugnone
603 605 818 671 evanesceret
833 601 871 686 ¹).

639 799 658 881 a
682 804 735 864 40.

186 922 377 988 Praeterea
411 920 605 1005 saepissime
641 939 682 988 ea
710 941 748 989 re
778 921 986 990 abundantia
1015 921 1159 990 efficitur
1189 925 1275 1006 quod

99 1029 263 1096 adverbia
302 1045 387 1110 quae
417 1027 504 1096 idem
532 1026 603 1096 fere
634 1027 825 1114 significant
855 1029 952 1112 plura
981 1034 1147 1112 ponuntur
1176 1048 1275 1112 quam

98 1134 271 1202 sententia
295 1134 438 1218 flagitat.

187 1241 247 1310 Sic
285 1241 407 1324 duplex
436 1241 581 1326 negandi
612 1240 779 1325 particula
810 1242 896 1324 opud
920 1243 1102 1314 Varronem
1125 1246 1164 1308 ut
1186 1243 1275 1327 apud

98 1349 183 1415 alios
208 1348 284 1432 (cfr.
300 1349 434 1433 Drdger
457 1349 474 1432 ᾗ
500 1355 541 1412 82
564 1367 596 1430 p.
624 1355 700 1430 1153
725 1347 841 1414 Plauti
857 1347 945 1416 locos
961 1349 1130 1434 congessit
1145 1349 1275 1417 Lorenn

97 1457 140 1522 ad
172 1454 247 1522 Mil.
285 1455 382 1537 1399)
416 1473 475 1539 pro
509 1454 651 1538 simplici
684 1454 797 1538 posite
830 1459 885 1522 est
918 1455 962 1521 ad
992 1455 1176 1540 augendam
1206 1455 1274 1524 vim

96 1561 301 1647 negationis.
334 1562 441 1629 Locos
464 1561 618 1630 aKeilio
642 1561 685 1629 ad
708 1560 728 1626 I
751 1567 825 1644 2,23
850 1562 1006 1630 collectos
1029 1581 1093 1630 non
1116 1581 1197 1646 opus
1221 1569 1275 1631 est

96 1665 302 1751 repetere²);
335 1668 371 1734 in
401 1667 494 1736 libris
517 1668 558 1736 de
580 1669 602 1734 l.
627 1669 649 1735 l.
674 1667 825 1751 exempla
854 1687 919 1736 non
948 1669 1080 1736 memini
1105 1686 1157 1736 me
1183 1668 1274 1738 inve·

94 1776 202 1857 nisse;
244 1774 281 1840 in
318 1778 383 1841 set.
415 1774 456 1840 fr.
489 1781 530 1840 45
569 1773 708 1860 legitur:
815 1795 879 1840 coa
915 1775 1004 1840 owdo
1032 1776 1196 1858 ipmcem
1225 1796 1274 1842 ore

100 1881 250 1962 Clamat,
279 1882 336 1947 aed
357 1883 481 1948 mooe
509 1901 615 1948 monce
641 1883 753 1951 heroos
774 1887 869 1966 nepot
891 1882 1051 1962 Nescisse
1076 1886 1112 1950 et
1135 1883 1176 1950 de
1199 1883 1273 1951 vita

94 2011 126 2073 p.
151 1991 196 2056 R.
222 1989 262 2056 11
285 2006 337 2071 ap.
362 1988 449 2056 Non.
472 2007 503 2070 p.
530 1995 593 2054 532
622 2009 685 2074 qao
705 1989 897 2055 cbotioectio
911 1988 974 2054 ciri
987 1989 1192 2076 mulieresque
1207 1989 1271 2056 Rc·

93 2117 214 2162 moooe
226 2096 359 2179 fuerint,
382 2096 465 2177 qood
478 2115 499 2160 o
513 2115 585 2179 repe
599 2115 733 2165 munero
747 2115 855 2162 mom
868 2115 957 2161 oeno
972 2096 1107 2161 oolucrd
1121 2096 1270 2177 occipere.

185 2202 320 2271 Deinde
347 2202 612 2285 frequentissimo
639 2203 675 2270 in
701 2222 763 2272 usu
792 2207 846 2270 est
868 2201 1012 2274 Varroni
1040 2201 1272 2268 termulanae

93 2331 171 2376 noo
205 2325 291 2391 quae
320 2310 447 2377 arctius
474 2310 620 2377 membra
646 2308 735 2376 inter
762 2327 800 2376 se
828 2307 974 2376 conectit
1005 2325 1103 2390 quam
1133 2307 1273 2392 simplex

95 2415 270 2499 particula
291 2419 325 2480 et
348 2413 434 2503 (soil.
457 2415 493 2481 in
514 2433 542 2480 r.
566 2434 593 2482 r.
616 2414 721 2496 libris,
745 2435 821 2482 nam
844 2414 995 2482 inlibris
1018 2414 1059 2481 de
1081 2415 1104 2480 l.
1127 2414 1149 2482 l.
1172 2415 1271 2498 plane

96 2521 219 2607 deest).
261 2521 327 2588 His
356 2540 435 2590 vero
458 2521 593 2589 vocibus
621 2540 685 2588 non
708 2540 784 2588 raro
812 2521 1022 2588 abundanter
1049 2521 1128 2588 addi
1154 2522 1272 2591 similis

97 2627 248 2695 notionis
278 2627 489 2709 vocabulum,
519 2629 614 2696 velut
635 2633 679 2713 et,
712 2628 807 2692 elom
830 2630 906 2709 etc,
938 2627 1088 2696 collectis
1112 2630 1270 2712 exemplis

96 2736 307 2802 demonstret
330 2733 450 2801 Reiter
471 2755 502 2818 p.
529 2742 559 2805 4.
595 2732 767 2801 Simillime
782 2733 957 2800 formulam
971 2755 1069 2818 oeque
1083 2737 1190 2801 minoe
1204 2753 1270 2817 qua

95 2844 208 2913 Verre
249 2859 327 2908 usus
359 2846 412 2909 est
443 2861 471 2910 e.
495 2863 527 2926 g.
551 2843 571 2908 I
597 2847 670 2924 13‚3
702 2841 803 2921 (loom
833 2861 872 2906 ea
898 2862 973 2907 asco
1000 2848 1120 2908 aestate
1148 2841 1271 2906 redacti

95 2950 145 3013 tic
157 2949 275 3031 todem,
288 2947 337 3014 oo
345 2949 593 3032 perfunderetur,
607 2968 663 3013 nec
674 2948 781 3014 micas
792 2947 932 3029 epotato
944 2968 1014 3013 cam
1024 2948 1183 3014 redierant
1191 2951 1270 3032 etc.)

98 3054 197 3122 auxit
226 3054 369 3138 scriptor
403 3054 519 3121 addita
548 3053 714 3138 particula
744 3078 867 3142 qaoque
888 3055 947 3123 III
973 3062 1041 3133 1,e=
1071 3055 1137 3120 Nec
1163 3055 1270 3120 minos

97 3161 208 3244 oppidi
238 3182 354 3244 pwpoe
384 3181 496 3228 comeo
525 3161 655 3227 indicat.
698 3161 825 3228 Eadem
852 3162 1018 3245 particula
1048 3183 1166 3249 quoquo
1197 3181 1270 3228 cnm

96 3267 265 3351 particula
289 3288 317 3350 q.
343 3288 369 3334 e.
395 3268 494 3332 etiam
521 3266 731 3351 coniungitur
759 3266 852 3349 (item
875 3267 909 3333 in
936 3287 963 3333 r.
987 3287 1012 3332 r.
1037 3267 1131 3333 libris
1154 3267 1267 3349 solum,

97 3373 156 3440 olr.
181 3373 301 3440 Reiter
322 3394 353 3456 p.
382 3379 421 3438 10
446 3372 521 3440 adn.
547 3379 583 3455 33
615 3391 693 3440 nem
716 3373 768 3443 VI
791 3379 831 3437 59
857 3392 976 3457 quoque
998 3391 1071 3439 cnm
1093 3391 1155 3438 nno
1171 3390 1268 3440 voca-

94 3481 173 3547 bulo
207 3480 412 3546 ammomum
435 3478 711 3565 coniungendum,
743 3479 838 3544 ctiam
861 3497 933 3545 cum
963 3481 1036 3545 toto
1067 3478 1267 3562 enuntiato):

95 3588 115 3654 I
140 3592 191 3671 1,3
216 3591 245 3653 ct
267 3586 303 3652 id
322 3588 419 3652 etiam
441 3586 648 3670 ipootisalmic
671 3606 789 3674 quoque
811 3585 1004 3665 ominosa
1033 3587 1052 3652 I
1076 3591 1150 3669 2‚14
1173 3586 1269 3652 etiam

188 3833 210 3902 ¹)
228 3829 326 3888 Obiter
350 3831 477 3889 adverbii
501 3832 623 3902 appositi
653 3831 706 3888 duo
730 3831 856 3901 exempla
879 3831 1001 3900 quaein
1027 3833 1176 3890 muretum
1194 3832 1269 3904 dreg-

96 3919 199 3977 mentie
218 3926 332 3977 exstent
350 3937 546 3978 commemorot
565 3921 665 3977 fr.471
680 3935 802 3992 perpere
820 3920 922 3975 diutius
940 3926 970 3976 et
988 3922 1022 3979 fr.
1036 3925 1088 3979 260
1106 3935 1193 3994 neque
1200 3927 1269 3993 poet

96 4009 249 4082 respiciens
273 4027 360 4082 neque
383 4016 446 4066 onte
459 4010 652 4082 prospicleac;
679 4010 728 4066 cfr.
748 4015 811 4064 ante
827 4009 991 4080 praedicere
1014 4009 1087 4080 opud
1105 4009 1161 4065 Cic.
1180 4009 1209 4064 in
1228 4024 1267 4064 or.

94 4099 177 4166 Phil,
195 4098 259 4155 ride
276 4099 432 4156 Hanschild
449 4116 476 4168 p.
497 4101 558 4156 283.

189 4186 213 4259 ²)
231 4190 324 4245 Antea
340 4189 417 4244 locos
436 4194 617 4260 congesserat
628 4187 725 4244 Roiter
743 4204 769 4256 p.
782 4188 800 4241 5
811 4187 872 4243 edu.
891 4188 917 4241 4.
931 4219 964 4230 -
977 4185 1038 4241 Non
1050 4187 1127 4240 recte
1140 4182 1266 4239 Sohmalu

95 4275 141 4346 Sy.
161 4277 177 4346 ἕ
198 4275 248 4331 176
268 4275 309 4331 eit
326 4292 380 4332 uno
399 4281 508 4333 tentum
526 4278 587 4333 loco
606 4279 631 4346 (Ι
650 4277 722 4347 69,3)
741 4275 814 4346 apud
832 4275 984 4331 Varronem
1002 4274 1073 4328 hanc
1098 4276 1267 4328 structuram

94 4363 224 4421 inveniri.
258 4365 345 4419 Immo
362 4365 444 4420 huius
462 4363 516 4420 loci
535 4364 618 4419 aliam
637 4379 699 4419 esse
718 4362 903 4417 condicionem
920 4368 997 4416 recte
1010 4361 1267 4421 demonstretKoil.

93 4455 125 4509 in
145 4469 241 4509 comm.
259 4453 296 4509 ad
313 4454 340 4510 h.
358 4453 376 4508 l.
