3070 4828
619 1357 998 1501 Appcnuix,

791 1611 821 1678 I.

322 1733 379 1803 Dc
402 1732 674 1803 vocabulorum
697 1731 934 1820 quorundam
955 1750 1030 1802 usu
1052 1731 1291 1802 Varroniano

534 1838 932 1910 adnotatiuncularum
955 1837 1081 1940 decas.

315 2025 343 2086 1.
366 2017 551 2086 Pronomen
573 2021 730 2099 aliquia
752 2037 852 2103 saepe
876 2017 964 2102 apud
986 2017 1170 2090 Varronem
1192 2015 1243 2085 ita
1266 2015 1396 2103 legitur

222 2131 260 2196 ut
283 2125 383 2194 facile
406 2126 516 2193 omitti
538 2125 696 2211 potuerit,
721 2144 793 2192 cum
816 2125 860 2192 ad
882 2124 1084 2194 sententiam
1098 2122 1181 2192 nihil
1196 2123 1275 2193 noui
1290 2123 1394 2191 adda-

222 2241 287 2301 tur.
334 2231 400 2302 Sed
423 2233 512 2301 inest
541 2232 618 2300 huic
640 2232 715 2302 voci
736 2232 924 2314 loquacitas
955 2233 1117 2314 quaedam
1140 2235 1284 2301 venusta
1313 2251 1395 2315 neg·

222 2338 391 2425 legentiac
415 2339 574 2407 sermonis
598 2338 757 2407 cotidiani
780 2358 844 2407 nou
867 2338 954 2407 male
971 2338 1183 2421 conveniens3
1208 2336 1267 2405 cir.
1289 2337 1395 2405 etiam

222 2445 424 2514 nostratium
462 2465 555 2514 usum
594 2446 650 2528 qui
688 2446 829 2514 articulo
867 2445 1037 2513 indefinito
1071 2464 1137 2513 non
1170 2462 1246 2511 raro
1277 2463 1395 2514 vocem

225 2552 380 2636 „irgend“
406 2551 541 2620 addunt.
589 2551 645 2620 Sic
667 2554 776 2624 Varro
800 2552 819 2619 I
844 2558 919 2636 41,2
953 2577 1010 2623 cas
1040 2554 1171 2640 cimaco
1200 2575 1301 2640 sopra
1323 2554 1395 2622 11111·-

217 2667 317 2748 poat3
351 2658 433 2725 item
454 2657 513 2725 III
538 2664 633 2741 16,37
667 2661 891 2746 coalipeadam
922 2683 975 2729 eos
1003 2661 1043 2729 a'a
1065 2682 1122 2729 aas
1144 2661 1295 2746 saecu·
1332 2657 1393 2726 ΠΙ

224 2771 296 2850 14,2
322 2768 407 2832 extr.
431 2767 470 2836 ia
500 2767 637 2852 disoeno
668 2767 821 2852 lapidem·
851 2767 890 2832 II
913 2771 987 2848 2,16
1011 2788 1053 2836 ae
1078 2818 1084 2833 .
1111 2818 1118 2834 .
1144 2819 1151 2834 .
1175 2767 1393 2835 (1111111111ῑὶ-

220 2873 300 2960 qaa'd
328 2873 557 2951 menbrorum
587 2871 660 2942 VII
684 2876 724 2935 75
753 2875 801 2942 ito
822 2875 902 2942 atae
924 2873 1031 2942 atellae
1062 2880 1099 2941 ut
1128 2880 1239 2942 ternae
1261 2873 1394 2959 tripoaa
1474 2879 1480 2886 '

220 2983 347 3067 faciam
370 2982 509 3066 1111111111
532 2975 594 3066 [sic
616 2976 660 3045 A.
685 2976 839 3062 Spengel,
866 2977 966 3045 aliter
988 2977 1061 3060 alii;
1085 2980 1215 3066 aliquod
1236 2975 1333 3059 libril.

311 3091 339 3150 2.
364 3087 494 3152 Alaea.
539 3083 592 3150 De
620 3083 776 3168 genetivo
806 3083 841 3150 in
863 3088 878 3153 a'
900 3089 1043 3152 exeunte
1073 3082 1132 3151 cir.
1158 3082 1246 3169 Aug.
1271 3083 1393 3152 Miller

219 3213 250 3277 p.
269 3197 310 3257 50
327 3195 362 3259 et
378 3191 575 3259 Thialmann
597 3211 628 3274 p.
643 3196 725 3274 3953
749 3190 790 3257 de
806 3189 1023 3259 collocatione
1046 3195 1123 3274 post
1144 3190 1392 3260 substantivum

219 3299 326 3367 Keilii
351 3319 462 3367 comm.
488 3300 532 3367 ad
554 3299 614 3367 III
639 3305 706 3381 5,1;
743 3298 783 3365 de
813 3297 961 3366 formulis
985 3297 1129 3370 Varroni
1159 3295 1392 3367 usitatissimis

219 3410 340 3478 uncae
370 3412 444 3495 puis
474 3411 538 3476 etc.
569 3406 646 3478 uide
669 3407 841 3477 Raiterum
864 3429 896 3492 p.
921 3416 960 3474 87
986 3428 1034 3492 sq.
1059 3408 1131 3496 (cat
1153 3413 1227 3498 quis
1248 3412 1335 3480 olias
1357 3430 1391 3493 p.

220 3519 260 3578 90
285 3514 361 3582 adn.
389 3512 432 3600 1).

307 3622 381 3687 Duo
405 3621 582 3690 enuntiata
606 3626 667 3690 aut
690 3622 858 3691 enuntiati
880 3624 1027 3691 membra
1049 3622 1085 3690 in
1100 3640 1235 3705 qnorum
1250 3627 1392 3707 utroque

218 3743 284 3794 vox
307 3729 394 3796 alius
425 3727 550 3812 legitur
580 3748 654 3798 cum
676 3728 747 3797 fore
777 3749 942 3813 nunquam
973 3730 1201 3798 coniunctione
1234 3730 1323 3798 inter
1353 3750 1392 3799 sc
1527 3749 1528 3787 ³

217 3835 397 3899 nectantur
420 3833 473 3919 (H
495 3834 599 3918 praef.
626 3844 661 3900 5:
685 3840 753 3907 alia
777 3886 784 3901 .
810 3890 817 3907 .
841 3841 926 3908 ratio
957 3862 995 3909 uc
1021 3840 1158 3909 scientia
1180 3840 1293 3923 calcat,
1322 3841 1392 3908 otia

211 3943 368 4026 pastoria
393 3940 482 4026 etc),
506 3943 616 4024 posita
640 3948 693 4012 est
715 3943 882 4027 particula
906 3953 935 4014 et
957 3944 976 4011 I
1000 3950 1094 4027 2,15:
1119 3947 1212 4016 aliast
1228 3948 1336 4033 pastio
1361 3954 1392 4015 et
1526 3923 1527 3984 ³

217 4049 309 4116 aliod
341 4051 414 4135 apri
449 4050 585 4118 cultura.
639 4048 786 4118 Similem
820 4050 921 4119 solius
956 4050 1105 4118 Terentii
1139 4052 1245 4118 locum
1283 4051 1390 4118 habeo
1525 4097 1526 4130 1

217 4172 312 4234 quem
345 4153 519 4239 proferam,
559 4173 622 4238 quo
658 4157 843 4226 coniunctio
877 4166 972 4245 utque
1005 4157 1144 4243 legitur:
1168 4160 1252 4226 Hoc.
1278 4159 1310 4230 V
1335 4165 1389 4235 4‚4

216 4262 416 4332 Manedum
439 4266 546 4333 sodes·
572 4267 664 4333 timeo
687 4268 843 4335 oculiad
866 4269 991 4336 medam
1013 4275 1107 4349 ccccc
1129 4269 1222 4336 11111111
1243 4270 1388 4338 auctius.
1524 4245 1525 4276 ³

306 4367 364 4432 Ita
386 4371 425 4435 ut
446 4370 641 4438 vocabulum
665 4372 751 4439 alias
774 4372 875 4438 semel
897 4377 1049 4456 ponatur,
1074 4373 1136 4440 dno
1158 4373 1219 4440 illa
1242 4375 1391 4442 membra

218 4490 302 4551 quae
332 4471 463 4541 diversa
499 4495 572 4543 esse
608 4475 762 4543 dicuntur
795 4475 936 4561 simplici
968 4478 1136 4562 particula
1159 4488 1188 4550 et
1211 4479 1390 4548 coniuncta
