3070 4828
601 230 643 244 ..
690 199 821 258 2¹3..

113 370 278 440 Similiter
299 370 333 436 in
357 366 594 455 appositione¹)
628 368 797 438 variatum
820 374 873 437 est
899 372 920 438 Ι
949 377 998 449 17,
1031 378 1128 439 1...
1153 378 1193 445 ia
1209 379 1291 446 duas

107 488 235 563 pariae,
268 481 306 546 iri
336 479 480 545 homines
503 484 532 545 al
554 478 755 548 adminicula
785 479 967 563 hominurn,
993 531 1058 548 ...
1082 484 1144 551 alii
1166 487 1204 552 ira
1226 493 1291 553 tres

107 594 237 669 parles,
273 587 483 652 instrumenti
514 607 619 670 penae
652 586 757 652 aarum
788 593 817 653 ei
851 588 1033 655 semiaaoole
1062 597 1091 656 el
1120 599 1291 676 neutram·

114 708 311 772 quamquam
335 688 438 755 etiam
460 689 523 755 hoo
544 689 616 756 loeo
640 689 761 756 omissa
784 709 895 774 praep.
924 696 1005 758 aute
1026 712 1056 761 r.
1080 696 1291 766 instrumenti

114 797 259 879 scriptor
291 795 420 863 evitare
449 794 595 863 voluisse
625 800 755 879 potest,
788 815 829 863 ne
859 797 911 864 bis
945 798 1060 865 eadem
1091 800 1221 883 syllaba
1251 807 1291 873 ira

113 902 324 987 pronuntiari
351 903 495 968 deberet.
542 902 686 973 Videtur
712 902 798 970 euim
826 903 861 969 in
890 905 942 971 his
964 905 1170 988 potissimum
1192 910 1290 976 rebus

117 1011 294 1079 verborum
317 1007 390 1076 soni
411 1026 681 1090 numerorumque
704 1026 801 1089 quam
817 1010 957 1076 maxime
968 1011 1056 1078 ratio
1071 1012 1190 1080 habita
1205 1031 1288 1080 ease.

205 1115 476 1198 donaremur
506 1119 602 1184 aliam
628 1139 719 1186 aare
745 1127 823 1186 saal
853 1121 893 1187 ia
913 1119 996 1188 Auia
1026 1127 1120 1205 alque
1146 1121 1290 1208 Aepppla

115 1232 145 1292 at
160 1227 199 1292 ia
217 1224 355 1309 Illprioo
371 1224 547 1308 complores
561 1222 647 1302 quod
669 1222 704 1289 in
728 1224 869 1290 seeundo
893 1226 1037 1291 membro
1061 1225 1171 1292 omisit
1194 1245 1289 1308 prae-

114 1328 323 1412 positionem,
348 1328 478 1395 addidit
500 1327 535 1393 iu
558 1328 670 1412 tertio,
694 1328 832 1412 primum
856 1331 1035 1397 membrum
1057 1332 1167 1402 Varro
1194 1336 1289 1400 arete

114 1433 284 1501 coniunxit
308 1453 380 1501 oum
402 1433 554 1510 seeundo,
587 1432 724 1500 tertium
747 1435 852 1503 minus
875 1441 971 1503 arete
999 1436 1151 1503 adiunxit
1180 1439 1289 1522 (prop-

115 1545 211 1607 terea
234 1539 336 1607 etiam
359 1539 492 1608 videtur
514 1539 657 1608 diversis
681 1540 963 1608 coniunctionibus
986 1561 1065 1609 usus
1087 1546 1187 1627 esse);
1210 1563 1288 1611 nam

114 1648 215 1715 terrie
247 1647 371 1715 exteris
396 1647 571 1730 opponitur
598 1646 768 1729 provincia
791 1649 957 1731 Romana,
987 1650 1031 1715 ad
1058 1669 1155 1732 quam
1184 1652 1286 1718 solam

113 1774 179 1823 vox
202 1775 232 1836 q.
258 1774 285 1822 e.
311 1759 487 1842 aaraplaras
508 1753 682 1821 referenda
706 1753 798 1838 esti).
833 1756 922 1822 Item
944 1758 984 1823 H
1010 1762 1102 1839 11,11
1127 1760 1288 1828 Fraolam

116 1915 123 1930 .
142 1915 149 1930 .
168 1914 174 1930 .
193 1885 291 1948 capra
314 1886 329 1930 e
350 1865 413 1947 pil‘
446 1859 508 1949 [sio
523 1859 605 1927 Keil
621 1860 669 1927 ed.
685 1859 762 1928 min.
778 1880 837 1944 pro
861 1886 976 1950 caprae
992 1861 1097 1952 pilae]
1120 1868 1288 1935 ministrat

114 1972 157 2038 ad
178 1993 274 2038 asom
296 1971 466 2038 malinam
488 1976 518 2037 et
540 1971 583 2037 ool
604 1971 713 2038 bellica
735 1977 894 2039 lorraerua
916 1979 945 2038 el
966 1973 1101 2058 fabrilia
1123 1994 1202 2040 naso
1221 1989 1286 2036 om-

113 2074 191 2140 nino
207 2093 272 2141 non
287 2074 356 2140 tria
371 2075 517 2140 membra
532 2073 791 2159 distinguuntur,
817 2074 876 2142 sed
891 2075 965 2160 duo,
990 2095 1123 2158 quorum
1144 2076 1286 2142 alterum

114 2179 270 2246 bilariam
300 2179 473 2247 diuiditur:
506 2199 582 2247 nam
611 2185 766 2248 eonoreta
796 2183 1010 2251 substantiva
1039 2184 1101 2248 duo
1133 2183 1286 2263 quodam·

114 2285 209 2353 modo
233 2290 439 2369 opponuntur
460 2286 583 2354 nomini
606 2289 791 2354 abstracto.

655 2465 673 2548 ξ
700 2469 750 2530 ro.

202 2587 311 2655 Unum
341 2606 457 2654 nomen
490 2587 617 2655 duabus
647 2587 744 2655 simul
780 2608 798 2656 e
829 2587 1129 2672 praepositionibus
1163 2590 1286 2671 pendet

113 2695 196 2760 135-
216 2704 291 2764 anie
314 2704 433 2781 etpost
456 2699 617 2780 brumam
640 2695 688 2762 sio
712 2694 814 2762 etiam
837 2696 927 2765 V83
952 2699 1004 2765 ale
1026 2705 1055 2766 ol
1078 2699 1123 2766 ais
1146 2698 1287 2766 Tiberim

114 2800 148 2866 in
171 2800 282 2882 prison
305 2800 444 2866 formula
469 2819 486 2866 e
510 2801 701 2867 oouieetura
723 2801 884 2869 restituta
909 2801 998 2888 (vide
1021 2820 1096 2886 app.
1113 2801 1199 2884 orit.)
1223 2800 1282 2867 air.

115 2905 209 2973 Neue
232 2907 272 2972 II
298 2905 374 2970 2727
400 2911 486 2972 extr.

654 3015 671 3099 p
698 3020 747 3081 20.

205 3139 257 3205 De
270 3139 409 3225 singulis
421 3138 720 3222 praepositionibus
734 3138 887 3222 quoniam
898 3158 962 3206 nou
975 3139 1079 3205 solum
1092 3137 1286 3206 O.Rdssner

117 3241 194 3329 (‘De
222 3264 334 3327 praep.
359 3247 406 3311 ab
431 3245 475 3311 de
498 3264 544 3311 ex
571 3263 632 3311 usu
654 3243 779 3327 Varr.‘)
809 3244 899 3312 loooa
927 3248 1062 3327 propter
1085 3243 1285 3328 singularem

115 3387 326 3395 m*—

205 3455 227 3524 1)
246 3455 278 3506 In
297 3468 351 3520 qua
369 3453 530 3522 plerumque
549 3453 687 3508 omittitur
704 3452 911 3522 praeverbium,
932 3452 981 3508 eir.
1000 3451 1116 3507 Kilhner
1133 3469 1158 3521 p.
1177 3454 1231 3507 423
1249 3470 1284 3510 m.

117 3540 198 3609 Apud
222 3542 374 3598 Varronem
400 3541 471 3610 quod
495 3540 601 3610 legitur
622 3540 661 3596 VI
687 3540 721 3595 68
743 3539 840 3594 militas
860 3581 866 3594 .
886 3581 892 3596 .
913 3582 919 3596 .
939 3539 1079 3594 clamitant
1096 3578 1102 3593 .
1122 3579 1155 3595 ..
1180 3539 1214 3596 lo
1237 3542 1284 3596 iri-

116 3627 278 3700 ampliaria
294 3648 311 3684 a
330 3629 463 3702 θριάμβῳ
481 3646 514 3685 aa
532 3627 585 3699 (aio
603 3629 662 3685 eod.
676 3629 761 3700 Flet.)
779 3645 880 3699 praeco
894 3627 988 3682 Liberi
1003 3633 1178 3700 oopaomealo
1192 3635 1286 3702 potest

118 3718 217 3773 dietam
237 3718 379 3788 quaeritur
401 3724 495 3774 utrum
520 3718 624 3775 reatina
648 3719 678 3773 0.
698 3717 800 3773 Mliller
822 3732 917 3772 vooem
942 3734 976 3772 aa
994 3717 1076 3788 plene
1095 3718 1231 3776 deleverit
1248 3737 1284 3775 au

116 3808 234 3879 Spengel
257 3809 408 3866 mutaverit
430 3808 459 3864 in
486 3827 511 3863 a.
548 3809 659 3864 Falsum
682 3813 776 3864 autem
800 3821 861 3861 ease
886 3821 980 3861 eorum
1005 3805 1160 3877 opinionem
1185 3808 1283 3877 quiin

116 3897 287 3966 appositione
312 3897 420 3953 omnino
444 3913 498 3952 non
522 3899 587 3966 poni
609 3895 842 3973 praepositionem
868 3900 1013 3965 censeant,
1038 3896 1242 3953 demonstratur
1267 3913 1284 3950 a

115 3985 322 4054 Seyffert-Muli.
336 3986 372 4040 ad
385 3985 442 4041 Gio.
454 3985 531 4040 Lael.
545 4002 571 4055 p.
584 3987 628 4042 58.
659 3986 688 4039 Io
706 3985 782 4040 loeus
801 3983 835 4040 de
854 4000 907 4054 quo
926 3985 965 4042 ibi
983 3985 1080 4057 agitur
1098 3985 1186 4056 (Lael.
1200 3985 1225 4052 3,
1237 3984 1283 4053 11)

116 4075 196 4145 plane
216 4074 314 4131 similis
334 4078 377 4130 est
394 4074 565 4130 Varroniano
583 4073 613 4127 II
632 4075 657 4142 2,
676 4077 694 4128 7
713 4072 785 4130 aliia.

185 4163 208 4234 ⁹)
227 4161 360 4218 Similiter
372 4163 472 4231 157,3
489 4161 594 4234 (Sapra
613 4167 716 4217 terram
735 4162 873 4233 praitoria
891 4163 920 4217 ir
939 4179 1009 4233 apro
1028 4160 1139 4232 quidam
1157 4156 1284 4213 sublimia

113 4253 232 4324 sociarat,
257 4256 288 4306 al
310 4251 339 4305 ir
365 4251 504 4323 Hispania
527 4251 652 4306 citeriora
675 4256 702 4306 et
723 4253 753 4306 ira
771 4250 872 4322 Apulia
896 4249 1018 4320 paidom)
1042 4245 1196 4317 posteriore
1222 4244 1284 4302 looo

115 4356 208 4396 rooem
228 4339 339 4410 quidam
358 4340 393 4394 ad
411 4356 438 4397 v.
456 4341 486 4395 in
503 4339 605 4413 Apulia
623 4345 731 4395 tentum
754 4339 928 4396 referendam
952 4351 1012 4392 ease
1038 4339 1119 4390 etex
1143 4333 1284 4389 sententia

118 4435 231 4498 apparet
250 4435 279 4485 et
297 4444 331 4484 ex
348 4428 552 4500 praepositione
571 4429 613 4487 bis
631 4429 731 4502 posita.
