3070 4828
603 216 822 274 ...21-

113 390 196 458 Keil
225 389 260 456 iu
284 389 335 456 ed.
365 387 441 458 min.
472 386 607 470 scripsit
635 388 779 455 ordinem
806 387 979 457 verborum
1006 386 1199 454 mutandum
1222 405 1294 454 esse

116 514 255 564 censens
283 516 364 578 quoe
491 503 660 582 apparent,
685 498 742 564 suo
765 516 830 576 quo
853 496 953 564 lateat
974 495 1082 581 herbo,
1104 518 1142 563 eu
1163 503 1296 564 coeatur

118 607 248 692 copiaco.
289 601 353 670 Sed
377 602 465 667 haud
489 600 557 667 scio
581 619 625 666 an
647 600 773 668 rectius
797 601 875 667 ordo
899 600 954 683 qui
973 599 1120 667 traditus
1144 604 1197 666 est
1213 599 1293 666 reti.

119 713 252 787 neutum
278 727 355 775 nam
379 705 539 774 eiusmodi
562 705 737 773 collocatio
760 706 793 773 iu
817 705 1006 789 pronomine
1029 704 1171 772 relativo
1191 705 1294 773 multo

119 815 226 882 minus
259 813 447 882 offensionis
477 814 617 898 praebet
649 831 746 894 quam
777 812 807 879 si
838 812 897 878 alii
919 811 1079 880 vocabulo
1107 812 1294 894 postposita

122 926 223 988 esset.
271 923 456 988 Praeterea
483 938 562 987 vero
590 919 652 985 hoc
679 921 751 986 loco
776 938 813 987 eo
837 918 969 986 facilius
996 918 1075 985 ferri
1097 922 1210 1002 potest
1232 940 1296 1002 prro

120 1031 188 1114 sub,
214 1027 299 1108 quod
322 1027 426 1110 ipsum
451 1046 569 1094 nomeu
599 1030 695 1096 barbo
721 1026 772 1093 ita
800 1026 948 1108 sequitur
975 1029 1134 1092 uturum
1160 1027 1295 1094 verbum

119 1133 248 1200 finitum
271 1133 470 1200 intercedat.
1026 1177 1028 1182 -

210 1239 371 1318 Similiter
397 1241 500 1308 verba
524 1238 688 1306 collocata
716 1242 794 1308 suut
817 1239 850 1309 V
876 1244 937 1303 154
969 1237 1082 1308 &rcus
1104 1239 1297 1309 Flaminica

121 1349 242 1415 dictur
264 1349 320 1428 qut
342 1350 464 1415 mecum
478 1348 668 1431 aedificatus
683 1353 728 1414 ast
743 1345 952 1431 Flaminium
968 1368 1130 1432 campum·
1153 1343 1295 1412 sufficiet

121 1468 185 1518 uno
208 1451 309 1519 verbo
331 1451 610 1536 praepositionum
639 1450 798 1535 originem
827 1450 1050 1520 adverbialem
1078 1449 1293 1534 significasse.

209 1559 262 1625 De
289 1558 533 1642 praepositione
563 1557 751 1641 postposita
778 1556 832 1625 vel
862 1557 974 1640 potius
1000 1557 1200 1640 interpositu
1228 1561 1296 1628 loco

122 1673 255 1750 propter
278 1668 482 1751 etpalatum
505 1665 558 1748 (Π
583 1670 634 1746 11,
659 1663 692 1747 4)
717 1662 774 1730 cfr.
798 1662 904 1730 Keilii
927 1682 1040 1729 comm.
1065 1663 1108 1728 ad
1131 1663 1162 1729 h.
1178 1663 1198 1729 l.
1233 1663 1295 1729 Mi·

120 1770 207 1837 nime
240 1789 318 1839 vero
348 1769 551 1854 probandum
583 1769 669 1851 quod
701 1769 739 1838 Ο.
764 1770 885 1837 Miller
911 1771 965 1841 VI
989 1775 1029 1834 78
1054 1767 1187 1850 scripsit
1214 1771 1296 1838 olim

121 1881 210 1962 oport
231 1896 290 1958 pro
313 1879 393 1948 ulios
417 1881 493 1958 olim
517 1876 577 1944 cfr.
601 1877 720 1944 Reiter
741 1896 773 1960 p.
799 1882 895 1943 2311.
922 1884 950 1942 1.

211 1982 329 2050 Obiter
359 2001 571 2052 commemoro
602 1982 859 2066 frequentiorem
890 1983 976 2066 apud
1006 1984 1190 2053 Varronem
1221 2001 1295 2050 esse

121 2091 209 2156 hauc
238 2090 491 2173 praepositionis
522 2089 772 2157 collocationem
803 2092 871 2160 clio
893 2092 930 2158 de
953 2114 1051 2160 cocco
1082 2108 1179 2171 quam
1208 2089 1295 2155 hanc

121 2201 160 2266 de
183 2199 251 2267 ulo
273 2222 373 2268 cucco
396 2201 460 2264 etc.
485 2202 523 2264 ut
547 2195 788 2264 demonstravit
807 2198 955 2264 Rbssner
976 2195 1029 2262 ‘de
1051 2214 1163 2279 praep.
1188 2196 1230 2261 ab
1254 2196 1295 2262 de

122 2322 164 2370 ex
187 2322 247 2371 usu
269 2300 377 2372 Varn'
404 2323 436 2387 p.
462 2310 514 2369 34.

210 2411 334 2478 Restat
362 2415 400 2477 ut
430 2409 686 2494 praepositionis
715 2434 796 2480 cum
824 2428 896 2476 cnm
930 2406 1120 2494 pronomine
1151 2407 1294 2478 relativo

121 2516 317 2584 coniunctae
342 2517 491 2600 exempla
514 2516 726 2600 proferantur

208 2625 247 2691 X
271 2631 310 2689 21
336 2650 409 2694 cum
431 2647 492 2710 quo
516 2628 664 2712 conferas

271 2736 311 2794 29
336 2757 408 2800 cum
430 2734 545 2814 quibos
568 2735 783 2818 conferuntur

268 2843 306 2901 77
333 2862 405 2906 cum
426 2858 488 2919 quo
511 2841 686 2925 confertur.

210 2942 311 3024 Apud
345 2943 472 3025 priscos
499 2943 641 3012 Latinos
676 2943 867 3011 sollemnem
901 2941 1152 3010 collocationem
1192 2941 1295 3009 fuisse

122 3053 361 3137 quibuscum,
397 3050 566 3118 Ciceronis
598 3054 714 3118 aetate
745 3049 887 3116 alteram
921 3049 1029 3134 magis
1061 3048 1231 3133 magisque
1260 3047 1295 3115 in

121 3175 215 3223 usum
243 3156 375 3225 venisse
403 3158 485 3224 odeo
509 3162 546 3224 ut
576 3158 775 3242 posteriores
800 3175 840 3222 ea
863 3155 933 3224 fere
957 3156 1029 3223 sola
1051 3155 1103 3222 usi
1126 3155 1209 3235 sint,
1241 3155 1295 3222 de-

122 3266 288 3330 monstrat
311 3261 418 3331 Greci
442 3265 477 3330 in
506 3263 838 3330 commentationibus
866 3260 955 3329 notis
983 3260 1081 3343 (Phil.
1106 3266 1147 3324 32
1172 3265 1207 3328 et
1231 3258 1296 3346 35).

660 3459 679 3539 p
705 3462 756 3523 ιε.

210 3579 420 3664 Praepositio
436 3581 558 3650 adduc
579 3581 718 3665 plurave
738 3579 953 3647 substantiva
974 3577 1102 3663 pariter
1121 3577 1297 3648 referenda

124 3702 195 3752 cnm
220 3705 241 3753 a
262 3687 413 3770 probatis
436 3687 652 3772 scriptoribus
676 3687 850 3769 unicuique
873 3703 983 3753 eorum
1003 3686 1161 3770 praeponi
1176 3687 1295 3772 soleat,

120 3792 185 3860 nisi
216 3796 311 3860 arcte
341 3791 430 3862 inter
462 3814 498 3863 se
526 3795 701 3864 coniuncta
725 3798 817 3869 sunt,
849 3794 957 3865 Varro
986 3792 1087 3860 etium
1118 3798 1198 3864 tnnc
1223 3813 1296 3862 eam

121 3898 249 3967 omittit
271 3918 516 3982 nonnunquam,
547 3921 619 3969 oum
643 3919 745 3985 aegre
768 3898 991 3984 desideratur,
1023 3899 1183 3983 siquidem
1214 3899 1296 3966 dura

121 4009 173 4074 cst
196 4005 346 4075 brevitas
375 4012 410 4074 et
438 4009 544 4076 minus
571 4006 733 4092 perpolito
763 4006 927 4076 scribendi
956 4005 1071 4093 generi
1098 4004 1295 4074 couveniens

117 4111 201 4179 locis
231 4113 325 4182 velut
355 4113 408 4181 his
438 4115 497 4182 HI
521 4121 556 4199 9,
582 4121 600 4178 9
632 4135 712 4196 quoue
742 4117 851 4186 debeat
878 4117 990 4200 potius
1019 4117 1058 4185 c'u
1088 4114 1296 4197 concipiendo

121 4229 289 4304 occupatae
305 4245 370 4291 esee
384 4243 481 4304 quom
496 4224 679 4291 iucubcoolo
702 4259 743 4270 -
769 4225 883 4289 tamen
898 4221 959 4287 hoo
974 4220 1046 4285 loco
1062 4217 1184 4283 omissa
1199 4236 1293 4300 prae·

120 4324 285 4407 positione
308 4326 404 4393 simul
428 4327 629 4411 cacophonia
652 4327 783 4394 evitata
806 4332 859 4394 est
883 4351 940 4407 -;
968 4324 989 4390 I
1014 4330 1046 4407 7,
1074 4327 1090 4388 7
1115 4330 1194 4392 suot
1215 4343 1296 4404 quoa

121 4453 189 4499 uon
208 4441 347 4516 possunt
370 4437 473 4504 muare
495 4437 565 4506 cist
587 4436 626 4504 io
649 4436 714 4503 loco
737 4453 854 4515 aquoso
877 4439 935 4502 out
950 4433 1045 4500 ettam
1060 4447 1161 4515 opum·
1183 4429 1237 4500 VI
1252 4434 1294 4493 90
