3070 4828
594 194 813 253 ..71-

119 369 371 437 numerabimus.
415 367 509 453 Quae
532 367 638 450 figura
661 384 702 432 ea
725 385 761 432 re
784 363 925 449 insignis
949 367 1002 432 est
1025 363 1111 446 quod
1134 364 1290 450 mationa

118 477 263 543 membra
294 476 329 542 in
363 478 504 556 utraque
538 476 635 555 parte
669 470 856 538 contrarias
892 471 986 538 sedes
1019 471 1180 539 obtinent.
1235 471 1291 541 Sic

120 600 271 650 uumerus
298 581 333 648 in
361 581 469 648 altere
497 577 671 646 enuntiate
702 577 872 661 aseendit,
904 577 937 645 in
969 577 1077 644 altere
1108 576 1290 662 descendit,

120 691 156 755 et
171 687 256 754 unde
271 683 424 771 proiecta
440 689 492 753 est
509 703 547 752 eo
562 684 651 751 redit
667 683 785 750 oratio.
821 683 916 750 Solet
939 687 1049 750 autom
1065 684 1150 750 haec
1164 687 1292 753 numeri

120 794 299 864 diversitas
322 792 374 858 ita
394 790 509 877 augeri
525 795 560 858 et
575 791 671 873 quasi
686 789 808 856 elarius
823 789 961 872 proponi
983 793 1022 857 ιιι
1037 789 1109 857 sine
1124 792 1291 873 particulo

122 899 313 984 copulativa
330 899 392 966 due
408 899 554 966 membra
570 897 665 964 iuxta
680 901 855 980 ponantur.
891 894 974 963 Mihi
995 897 1136 964 certain
1153 898 1291 966 chiasmi

119 1008 227 1092 figura
258 1006 504 1075 coniunctiones
536 1004 669 1089 saepius
700 1003 810 1070 omitti
840 1022 937 1086 quam
968 1003 1046 1070 addi
1076 1005 1170 1073 visae
1201 1013 1290 1074 sunt.

210 1114 428 1199 Quamobrem
446 1131 517 1179 cum
533 1110 778 1196 parallelismus
799 1113 934 1193 propter
949 1112 1164 1179 membrorum
1180 1114 1291 1195 aequi·

116 1224 227 1286 tatem
261 1219 296 1286 id
327 1219 453 1286 efficiat
483 1223 521 1286 ut
552 1217 660 1284 oratio
691 1216 874 1297 tranquilla
905 1214 1034 1298 quidem
1066 1220 1101 1283 et
1133 1224 1291 1288 constans

118 1331 243 1410 currat,
272 1326 331 1392 sed
346 1327 410 1393 hac
425 1325 498 1408 ipsa
522 1323 714 1392 constantia
735 1323 877 1390 animum
894 1322 1060 1391 audientis
1077 1331 1291 1409 commoveat,

118 1434 287 1500 chiaemus
309 1435 439 1498 mutate
455 1431 657 1516 singularum
680 1429 826 1514 partium
841 1429 1074 1512 propositionis
1092 1433 1205 1500 ordine
1226 1454 1292 1501 non

116 1541 223 1606 selum
246 1558 428 1606 sermonem
450 1538 573 1618 variat,
598 1537 657 1605 sed
680 1536 783 1604 etiam
806 1535 997 1604 sententiae
1020 1537 1195 1606 discrimen
1218 1559 1291 1621 pcr-

114 1647 202 1712 bene
224 1646 384 1713 illustrat.

655 1768 675 1857 a
700 1776 751 1833 ss.

209 1893 392 1978 Frequenti
418 1893 452 1960 in
479 1913 558 1962 usus
582 1893 746 1961 ehiasmns
770 1897 823 1962 est
854 1912 926 1960 eum
958 1898 1117 1976 quattuor
1146 1900 1291 1966 membra

116 2001 208 2068 inter
231 2020 267 2068 se
290 2001 483 2085 opponenda
506 2001 646 2086 singulis
669 2001 780 2070 verbis
797 1999 993 2083 efficiuntur,
1017 2000 1110 2068 velut
1133 2004 1192 2070 ΙΠ
1216 2013 1289 2090 5,17

118 2111 236 2196 lucifer
269 2110 429 2190 interdiu,
465 2117 562 2178 ueeiu
599 2111 764 2192 hesperum
799 2110 831 2177 V
869 2112 931 2170 166
971 2109 1036 2175 Udi
1070 2110 1167 2177 deeius
1201 2107 1290 2196 [nam

117 2215 276 2299 Spengeli
292 2215 496 2281 coniectura:
523 2217 622 2283 ..iii
655 2219 752 2284 udus
775 2214 907 2283 videtur
928 2212 1045 2279 infelix
1060 2216 1144 2298 esse]
1172 2222 1292 2287 mortui

22 2317 23 2336 i
119 2327 243 2410 femur,
272 2325 417 2392 dicebaut
438 2322 609 2390 Fereiruru
631 2325 745 2407 aedui,
770 2323 885 2390 Graeci
905 2319 1099 2402 uio⁶100v¹i
1138 2321 1179 2387 In
1207 2323 1291 2392 cius·

117 2429 193 2495 dem
216 2427 347 2512 generis
370 2427 540 2494 sententia
564 2427 627 2493 due
657 2429 802 2494 mambra
830 2426 990 2494 interiere
1012 2427 1064 2492 ita
1088 2428 1291 2510 amplificata

114 2539 195 2602 sunt
223 2538 261 2601 ut
290 2533 474 2601 enuntiatis
510 2533 713 2602 secundariis
742 2533 978 2602 efficianturI
1015 2540 1065 2616 2,1
1095 2547 1226 2625 repeius
1253 2543 1291 2608 ed

22 2709 23 2720 ,
113 2645 275 2711 crediturne
297 2650 335 2709 ut
357 2644 461 2710 dicere
482 2644 655 2711 didicimus
677 2666 698 2713 e
714 2646 865 2730 putridus
879 2646 1010 2726 uestris,
1034 2652 1072 2711 ui
1098 2649 1291 2732 ιοιιιριιιιιιι

22 2767 23 2794 l
113 2773 136 2818 e
163 2751 342 2818 recutitus
364 2751 510 2833 cuiauis,
538 2751 576 2817 ed
603 2751 738 2825 aedituo,
772 2767 908 2829 quocum
935 2749 1006 2815 looo
1035 2748 1093 2815 cfr.
1122 2751 1208 2816 hunc
1236 2750 1291 2831 qui

22 2897 23 2912 ι
113 2852 279 2922 simillime
314 2852 538 2922 conformatus
569 2859 622 2921 est
654 2855 693 2921 H
721 2859 773 2930 8,3
801 2855 960 2926 Arcadico
992 2865 1028 2924 ui
1058 2859 1187 2941 euiuui
1209 2858 1290 2946 diee-

113 2967 202 3044 boui,
238 2970 274 3030 ui
308 2985 368 3030 ues
402 2965 524 3048 expetii
557 2986 670 3031 sumus
699 2961 851 3031 Reuiiue.
904 2963 946 3028 In
976 2961 1147 3042 utriusque
1179 2967 1291 3028 autem

112 3067 257 3151 exempli
290 3066 473 3134 enuntiatis
505 3066 710 3136 secundariis
741 3066 991 3138 animadvertas
1022 3085 1161 3148 aequum
1191 3087 1290 3134 mem-

114 3174 249 3240 brorum
272 3171 427 3257 ordinem,
451 3175 649 3257 praesertim
671 3173 779 3257 priore
801 3173 882 3240 loeo.

654 3372 673 3452 a
699 3375 750 3432 ιι.

206 3492 313 3561 Multo
337 3493 464 3560 rariora
493 3493 682 3560 sedetiam
710 3491 867 3560 sicsatis
896 3492 1002 3558 multa
1031 3495 1109 3559 sunt
1139 3492 1290 3576 exempla

114 3599 458 3667 ehiasmiinmembris
468 3619 552 3681 quae
560 3599 734 3683 particulis
747 3599 997 3684 coniunguntur,
1007 3599 1078 3667 sive
1087 3599 1289 3682 simplicibus

114 3706 211 3774 velut
234 3707 293 3773 111
319 3711 411 3786 1617
436 3711 558 3795 fripeue
579 3710 680 3777 hieme
703 3716 732 3777 ei
747 3716 863 3777 aedeis
886 3708 1053 3793 suerat
1079 3712 1140 3800 144
1159 3717 1291 3802 prepter

117 3816 253 3882 celerem
267 3817 338 3883 suis
360 3822 389 3883 ei
404 3817 464 3884 leci
479 3822 650 3899 ueterem·
665 3815 699 3883 V
716 3819 777 3877 146
800 3838 861 3900 que
876 3818 1060 3901 eeuferueui
1075 3839 1153 3886 seres
1168 3824 1290 3886 ceutro-

215 4007 238 4078 1)
256 4005 290 4061 In
309 4006 448 4062 simillima
471 4022 502 4062 re
520 4005 721 4076 parallelismus
745 4009 790 4062 est
808 4007 832 4061 V
851 4007 885 4061 36
903 4005 971 4062 dece
998 4009 1078 4063 etiam
1099 4007 1200 4064 Graeci
1214 4010 1291 4074 νέμη,

117 4096 208 4152 uestri
230 4111 352 4150 uomere.
388 4095 507 4164 Propter
525 4096 689 4165 particulam
714 4095 802 4164 etiam,
827 4100 860 4149 ut
888 4094 1008 4163 videtur,
1031 4097 1060 4149 L.
1081 4095 1200 4164 Spengel
1224 4101 1290 4153 ante

117 4201 145 4242 v.
167 4182 267 4239 Graeci
284 4184 370 4240 inseri
388 4185 516 4241 voluerat
533 4184 613 4256 qued.
642 4185 703 4239 Non
722 4183 879 4240 necessaria
898 4191 942 4239 est
959 4185 1085 4249 mutatio,
1097 4183 1121 4238 si
1136 4185 1289 4240 Varronem

118 4272 283 4342 simpliciter
302 4273 424 4329 scribare
443 4273 564 4330 voluisse
583 4274 763 4330 statuerimus
786 4273 854 4329 daec
879 4274 959 4327 etiem
983 4288 1113 4337 uemora;
1141 4281 1205 4341 pest
1222 4288 1288 4328 vere

116 4363 158 4418 ita
172 4361 339 4418 sententiam
354 4377 416 4418 eum
426 4367 549 4419 mutasse
565 4369 596 4418 ut
608 4362 689 4418 simul
704 4361 838 4432 originem
853 4360 971 4416 neminis
986 4359 1088 4416 addere
1098 4359 1287 4416 constitueret.

152 4467 186 4506 nc
210 4451 281 4507 lanis
305 4451 516 4508 inconcinnitas.
554 4451 609 4507 Cir.
634 4466 706 4520 quae
723 4467 749 4520 p.
771 4450 804 4504 16
822 4449 882 4509 init.
903 4447 1020 4506 diximus
1040 4449 1073 4504 de
1093 4448 1153 4506 loeo
1172 4449 1214 4503 III
1234 4450 1287 4516 73.
