3070 4828
578 211 799 271 ..67-

103 399 220 476 mecla
242 392 315 459 cillo
333 443 339 456 .
359 442 391 456 ..
416 412 494 457 aare
520 390 557 456 ire
580 387 717 456 convalli
740 408 817 454 coco
840 392 869 452 ei
892 392 934 452 at
951 384 1063 470 polias
1085 386 1124 452 in
1147 385 1276 452 sublimi

104 499 179 565 loco
198 497 348 583 aedifices,
373 499 408 561 et
431 493 485 564 VI
509 498 549 556 56
573 493 674 563 Hauc
697 489 897 579 Chrysippus
924 498 1018 578 nepot
1041 491 1128 578 loqui
1159 492 1213 560 sed
1240 498 1278 559 at

105 607 211 691 loqui·
241 601 296 686 qui
327 621 406 670 usus
438 619 479 667 ex
502 597 671 668 Ciceronis
703 597 838 681 scriptis
869 596 955 664 satis
988 601 1086 664 notus
1117 601 1181 672 est,
1217 595 1276 662 cir.

15 693 16 712 ³
106 710 246 776 Kahner
280 729 311 793 p.
339 713 469 790 total.
518 703 662 789 Seyffert
696 703 740 772 ad
767 702 835 772 Oic.
861 703 954 770 Lael.
986 723 1016 786 p.
1043 708 1117 769 387.
1165 702 1277 770 Madv.

105 817 154 883 ad
177 815 239 884 Oic.
263 816 338 884 Fin.
362 817 403 882 H
427 819 477 880 25.
525 810 638 879 Halm.
663 809 707 877 ad
730 809 800 877 Oic.
824 811 909 894 Epp.
932 811 953 877 Ι
975 829 1006 892 p.
1034 815 1107 874 112.

195 924 246 989 llx
267 922 370 991 verbo
392 919 527 1004 passivo
552 917 595 985 ad
618 916 760 985 alteram
792 915 981 985 sententiae
1011 921 1142 999 partem
1172 914 1279 984 forma

106 1031 221 1100 activa
264 1025 498 1097 transferenda
537 1029 590 1092 est
624 1024 684 1091 111
716 1029 768 1108 3,5
795 1075 802 1089 .
829 1077 834 1089 .
866 1027 1013 1110 piscium
1055 1026 1161 1094 dalees
1198 1024 1279 1112 fieri

106 1146 229 1225 coeptae
251 1145 280 1206 et
305 1161 322 1205 e
337 1137 540 1223 flaminibus
562 1140 669 1218 captos
690 1135 829 1219 recipere
851 1135 893 1201 od
916 1156 949 1200 se
968 1135 1082 1218 pisces.
1121 1130 1178 1198 An
1201 1130 1279 1199 acri-

104 1243 244 1310 bendun
266 1265 412 1329 recepere
435 1260 507 1309 enm
528 1237 642 1306 Keilio
666 1243 806 1321 accepta
829 1237 985 1304 editionis
1008 1236 1154 1306 Aldinae
1177 1237 1279 1322 scrip·

105 1349 206 1418 tura?

585 1457 796 1464 —oe—--q

582 1612 710 1695 Oaput
735 1612 803 1680 ΙΠ.

410 1737 467 1807 Da
491 1734 738 1806 collocatione
760 1735 976 1805 verborum.

646 1878 665 1966 a
691 1885 742 1944 ιι.

14 2070 15 2094 ,
198 2008 251 2075 Dc
274 2005 450 2074 verborum
473 2001 691 2069 collocatione
714 2021 786 2068 cnm
809 2002 934 2068 nostris
956 2001 1026 2070 iere
1047 2002 1175 2070 demum
1199 2007 1280 2070 tem·

106 2114 241 2198 poribus
269 2109 459 2180 accuratius
488 2108 603 2192 quaeri
631 2113 782 2193 coeptum
810 2107 866 2186 sit,
895 2108 1010 2174 mirum
1040 2113 1199 2190 quantum
1227 2109 1282 2177 vel

107 2223 149 2288 de
174 2220 216 2286 iis
238 2221 336 2286 rebus
353 2216 470 2301 quibus
494 2214 589 2298 quasi
611 2213 835 2283 fundamentis
858 2219 933 2281 tota
950 2213 1134 2298 disputatio
1149 2214 1281 2300 nititur,

13 2303 16 2426 i
110 2326 263 2396 diversae
279 2323 469 2393 sententiae
493 2327 594 2405 atque
615 2322 698 2389 adeo
721 2321 819 2405 plane
842 2320 931 2388 inter
946 2340 983 2389 se
1005 2327 1194 2407 pugnantes
1209 2343 1282 2406 pro·

13 2437 14 2478 l

109 2435 204 2501 latae
227 2431 305 2500 sint.
357 2431 431 2516 Qua
462 2448 498 2497 rc
525 2434 564 2495 ut
592 2428 725 2496 videtur
752 2429 905 2495 commoti
933 2428 1066 2497 fuerunt
1094 2430 1149 2512 qui
1181 2469 1218 2481 --
1246 2433 1284 2496 ut

13 2537 14 2614 i
112 2556 226 2608 ornnes
252 2537 404 2605 nimirum
433 2532 659 2603 dubitationes
688 2535 837 2604 funditus
868 2536 1026 2604 tollerent
1054 2579 1096 2588 -
1124 2536 1283 2623 imprimis

13 2618 14 2642 Χ
119 2643 367 2715 vetustissimos
381 2661 525 2725 quosque
541 2646 694 2708 auctores
710 2641 864 2725 deinceps
879 2643 1123 2726 perlustrantes
1135 2646 1284 2731 singulas

113 2772 172 2822 res
195 2751 238 2819 ad
259 2753 435 2819 verborum
464 2749 608 2816 ordinem
643 2749 849 2831 pertinentes
872 2768 1077 2820 numerorum
1099 2752 1284 2820 rationibus

113 2858 346 2943 exprimerent.
393 2858 483 2924 Prae
507 2855 627 2923 ceteris
650 2858 762 2922 autem
785 2858 1021 2942 grammaticos
1044 2858 1163 2926 allexit
1186 2858 1283 2926 attri-

111 2965 188 3034 buti
206 2962 380 3032 collocatio
394 2962 430 3030 in
453 2981 519 3044 qua
538 2961 749 3044 mandenda
772 2981 929 3031 summam
950 2984 1082 3050 operam
1102 2967 1284 3051 complures

115 3073 335 3141 contulerunt.
390 3071 463 3139 Nec
493 3073 606 3137 tamen
636 3069 764 3137 finctus
795 3079 833 3138 ut
864 3071 943 3139 mihi
974 3076 1066 3139 certe
1095 3072 1201 3142 risum
1231 3079 1285 3141 est

115 3181 261 3248 laborem
285 3177 454 3259 aequavit,
484 3175 543 3242 scd
571 3175 646 3243 dnm
673 3175 882 3246 dissecantur
912 3180 976 3246 tali
1003 3180 1111 3264 modo,
1141 3199 1203 3262 quo
1226 3181 1285 3248 isti

114 3286 167 3354 usi
189 3289 276 3363 sunt,
303 3280 463 3351 orationis
486 3281 682 3364 particulae,
706 3283 795 3351 vires
823 3304 862 3352 ac
889 3286 963 3354 vita
993 3305 1034 3352 ex
1056 3286 1191 3370 linguae
1214 3305 1285 3353 cor-

117 3409 196 3476 pore
218 3393 317 3475 plane
341 3393 562 3456 excesserunt.
607 3389 695 3457 Nam
718 3394 756 3456 ut
780 3391 908 3458 omnino
936 3392 1130 3475 scriptorum
1152 3393 1285 3475 propria

117 3497 248 3566 dicendi
271 3495 473 3564 consuetudo
496 3514 594 3577 quam
618 3497 758 3564 maxima
781 3497 852 3564 fieri
866 3498 990 3581 poterit
1013 3499 1065 3565 ita
1088 3498 1286 3581 explicanda

13 3605 14 3638 ³
119 3610 172 3673 est
195 3610 233 3673 ut
256 3602 425 3686 exipsius
451 3601 592 3669 hominis
619 3602 729 3672 indole
753 3608 788 3671 et
810 3605 953 3672 moribus
977 3621 1078 3672 cansa
1101 3609 1285 3688 repetatur,

117 3712 166 3780 sic
187 3715 268 3780 tunc
292 3708 508 3793 potissimum,
538 3727 610 3775 cum
637 3709 798 3794 singulari
825 3710 955 3778 ratione
978 3715 1082 3781 verba
1105 3717 1165 3781 aut
1188 3714 1287 3782 collo·

116 3817 207 3885 cavit
230 3820 290 3884 ant
314 3815 530 3884 collocavisse
552 3815 693 3900 videtur,
711 3837 902 3900 unoquoque
925 3819 996 3886 loco
1020 3819 1135 3903 quaeri
1152 3820 1285 3889 debebit

119 3941 181 4005 quo
206 3922 342 3992 consilio
366 3922 452 3990 huno
475 3921 620 3990 ordinem
642 3921 693 3989 illi
715 3923 922 4008 praetulerit.

202 4028 409 4099 Praesertim
432 4067 475 4077 -
500 4033 536 4096 ut
560 4028 604 4096 ad
619 4031 803 4101 Varronem
818 4037 989 4101 transeam
1011 4071 1055 4082 -
1077 4035 1111 4100 in
1131 4032 1287 4101 librorum

117 4135 157 4202 de
181 4135 202 4200 l.
226 4136 248 4203 1.
273 4136 321 4203 ais
344 4135 496 4219 partibus
524 4135 700 4219 inquibus
724 4139 764 4206 de
780 4140 1012 4207 vocabulorum
1035 4138 1215 4223 originibus
1231 4157 1286 4206 ex·

118 4241 251 4326 ponitur
273 4262 338 4309 non
354 4243 457 4310 solum
474 4247 665 4310 structurae
682 4250 718 4311 et
740 4245 865 4313 formae
882 4247 1053 4314 verborum
1076 4243 1289 4313 inveniuntur

119 4368 140 4414 a
170 4348 401 4418 varronianae
433 4349 557 4417 aetatis
582 4350 653 4419 sive
683 4350 812 4419 omnino
843 4372 864 4419 a
894 4351 1028 4435 linguae
1055 4351 1201 4418 Latinae
1227 4370 1289 4420 usu

118 4451 279 4538 diversae,
311 4474 417 4537 paene
448 4454 540 4522 dicas
571 4455 757 4540 inauditae,
802 4457 860 4524 sed
891 4455 993 4523 etiam
1023 4457 1058 4524 in
1089 4457 1289 4525 collocandis

1095 4578 1128 4632 ὅ*
