3070 4828
723 205 942 266 ..12..

250 399 384 462 quorum
411 380 543 448 diverso
566 382 644 446 sunt
666 397 800 462 genero,
832 397 870 446 eo
902 379 987 460 quod
1009 376 1139 461 longius
1163 379 1260 446 obest
1282 397 1303 444 a
1327 398 1427 461 prae-

247 487 399 572 dicsto¹)‚
431 486 519 570 apud
549 487 733 557 Varronem
764 485 815 554 bis
849 484 931 552 locIs
961 483 1185 552 animadverti
1217 483 1272 570 (de
1303 484 1426 566 quibus

246 591 305 660 cfr.
329 591 491 660 Heidrich
512 588 743 658 ‘Varroniano'
768 611 800 674 p.
826 597 844 654 9
869 593 946 675 sq.):

334 700 455 777 157‚1
478 702 618 787 periotes
646 707 675 768 et
705 701 808 768 solum
832 747 840 764 .
868 745 875 760 ·
901 743 909 760 ·
935 700 1096 767 loricumdc'
1125 694 1237 784 [dum
1263 695 1355 763 Keil.
1386 695 1427 763 in

246 805 295 872 ed.
318 802 408 892 min]

339 915 375 978 et
398 912 529 995 111,17
555 914 639 998 quod
659 913 813 981 hordeum
833 920 863 980 ot
881 913 957 999 sobo
978 914 1144 982 mterdum
1165 914 1209 981 ss‘t
1231 912 1425 996 quibusdam

245 1021 445 1090 obiciendum
473 1015 594 1106 [fabum
616 1015 783 1106 Ursinus}

337 1125 473 1192 Nullum
496 1143 574 1192 vero
598 1124 704 1190 locum
726 1143 778 1190 me
801 1124 923 1208 legisse
946 1122 1079 1190 memini
1102 1141 1165 1205 quo
1188 1123 1422 1206 praedicatum

247 1232 291 1298 ad
314 1231 377 1298 duo
400 1231 532 1298 nominc
556 1231 679 1299 diversi
701 1231 790 1298 inter
813 1249 850 1298 se
873 1229 1005 1315 generis
1028 1248 1132 1312 oeque
1154 1229 1359 1297 referendum
1383 1230 1421 1296 in

245 1336 368 1420 plurali
390 1356 525 1405 numero
548 1336 679 1422 generis
702 1336 851 1404 neutrius
874 1336 1017 1420 positum
1041 1334 1128 1421 siv).

337 1444 405 1513 Ubi
420 1445 604 1512 subiectum
620 1444 744 1512 dnobus
760 1444 944 1512 nominibus
959 1441 1100 1525 propriis
1115 1441 1267 1526 efficitur,
1289 1460 1420 1524 semper

246 1569 318 1618 cum
341 1551 568 1635 praedicatum
593 1549 763 1617 antecedit
786 1550 911 1636 legitur
933 1548 1126 1634 singularis:

334 1660 426 1730 VIII
443 1664 482 1722 10
500 1660 612 1728 oomsml
633 1661 700 1746 smil
727 1659 857 1727 Pullius
879 1666 909 1727 ot
929 1658 1098 1726 Amtom‘ms

334 1766 393 1833 111
417 1769 469 1843 2,2
493 1767 614 1834 sedebat
636 1767 679 1834 od
700 1768 871 1834 sinistram
894 1767 923 1833 so‘
947 1763 980 1832 O.
1009 1771 1038 1832 el
1060 1765 1100 1831 F.

335 1871 374 1937 II
401 1876 450 1950 1,3
475 1879 512 1939 ml
528 1873 660 1957 pmtuoo't
687 1872 805 1939 Thalos
828 1873 874 1938 M.
899 1879 929 1940 ot
950 1871 1039 1939 Zeno
1062 1869 1121 1938 (bt.

370 1975 447 2042 ibid.
473 1985 510 2046 ut
540 1979 675 2046 credidit
698 1978 834 2064 Pytbup.
858 1978 890 2044 S.
916 1984 945 2044 ot
966 1976 1100 2044 Aristot.
1125 1975 1220 2063 scau,
1249 1992 1315 2055 qus
1343 1993 1415 2041 cum

246 2081 387 2150 formula
410 2081 469 2150 cfr.
486 2082 543 2148 IX
570 2087 643 2158 107,
668 2082 724 2149 ubi
747 2081 896 2163 sequitur
918 2081 1146 2164 praedicatum
1169 2080 1250 2146 item
1273 2080 1308 2146 in
1331 2081 1415 2166 sing.

244 2188 388 2270 positum
411 2189 461 2271 (ot
484 2188 561 2258 Coto
583 2197 612 2258 ot
630 2189 767 2259 Emuc‘m
789 2186 921 2272 scribit),
947 2206 1019 2253 cum
1042 2188 1075 2258 V
1101 2193 1161 2252 113
1186 2189 1236 2268 (ut
1262 2189 1417 2275 Polybius

245 2303 274 2364 or
298 2294 513 2364 Callimachus
534 2292 693 2379 summo)
710 2295 794 2365 etV
813 2299 874 2357 150
899 2292 1084 2376 (Cornelius
1106 2301 1140 2362 ot
1161 2294 1317 2364 [arrosus
1338 2298 1416 2362 som’-

245 2401 337 2484 bour)
360 2400 395 2466 in
415 2398 599 2466 enuntiatis
616 2399 791 2466 simillimis
814 2398 1042 2481 praedicatum
1065 2416 1233 2465 numerum
1255 2400 1415 2483 pluralem

247 2506 413 2574 exhibeat.
450 2505 605 2573 Ceterum
620 2506 674 2577 VI
690 2511 730 2570 33
747 2505 884 2590 legitur:
901 2513 939 2575 m
952 2507 1093 2573 Foloim
1107 2508 1217 2574 cortou
1239 2515 1268 2575 ot
1281 2508 1414 2576 Iunius.
1527 2569 1528 2596 ³

336 2613 413 2679 Huc
437 2611 522 2678 udde
545 2611 634 2677 locos
650 2611 767 2693 quibus
782 2612 894 2694 proed.
912 2611 997 2694 sing.
1014 2611 1163 2692 sequitur
1186 2611 1337 2679 subiecta
1353 2612 1415 2679 duo
1527 2635 1528 2658 ¹

245 2717 420 2802 particulis
443 2716 652 2786 correlativis
676 2715 900 2803 coniuncto⁸):

334 2825 368 2910 o)
392 2823 583 2892 Subiectum
614 2823 762 2891 efficiunt
793 2823 924 2890 nomina
955 2823 1101 2907 propriu:
1131 2824 1163 2893 V
1187 2829 1228 2888 30
1260 2833 1290 2894 ot
1320 2849 1417 2894 suum

343 3019 365 3086 ¹)
386 3019 458 3072 Ante
478 3015 617 3072 Ciceronis
636 3021 757 3071 aetutem
781 3017 853 3071 hunc
875 3032 955 3072 usum
974 3032 1027 3071 non
1045 3016 1163 3072 inveniri
1181 3023 1274 3072 monet
1292 3017 1416 3072 Schmulu

246 3105 263 3176 ς
284 3107 326 3161 14.
363 3105 453 3160 Locos
477 3105 672 3160 ciceronianus
696 3104 759 3161 vide
782 3105 855 3174 apud
880 3111 948 3160 Anu.
972 3121 998 3174 p.
1020 3107 1053 3160 12
1072 3121 1087 3159 c
1106 3109 1121 3158 2
1141 3110 1210 3160 extr.
1230 3135 1262 3146 -
1283 3104 1417 3162 Similiter

244 3194 316 3262 118,
329 3193 401 3264 omo
417 3193 544 3266 semibus
556 3192 743 3264 maguitudr'uc
761 3198 788 3248 ct
804 3193 909 3264 rcb'quo
928 3194 1127 3248 instrumento.
1142 3237 1148 3249 .
1164 3195 1254 3250 ‚scios
1266 3201 1380 3265 quauta
1389 3213 1415 3249 m

247 3285 346 3354 poros)
364 3283 454 3338 Vurro
473 3283 558 3340 otium
572 3283 736 3338 attributum
755 3283 861 3338 duobus
878 3281 1033 3338 nominibus
1052 3297 1194 3338 commune
1213 3289 1310 3337 contro
1328 3299 1415 3350 usum,

245 3371 334 3426 nihilo
354 3376 448 3427 tumen
467 3371 559 3427 secius
577 3387 638 3427 cum
658 3386 743 3428 cuuse
762 3372 796 3427 ud
814 3371 891 3442 prins
915 3371 1118 3427 substantivum
1137 3371 1256 3440 rettulit,
1281 3370 1415 3440 siqnidem

250 3460 418 3530 „semiliem“
438 3476 505 3529 prae
526 3461 647 3530 „reliquo
665 3460 866 3516 instrumento“
886 3459 976 3529 magis
995 3459 1083 3529 premi
1101 3459 1198 3514 voluit.

336 3548 358 3611 ⁹)
377 3547 552 3604 Attributum
576 3548 606 3605 in
633 3555 732 3604 neutro
755 3565 858 3618 genere
883 3549 1005 3617 positum
1035 3563 1089 3603 nno
1113 3547 1174 3602 loco
1197 3547 1255 3618 legi
1280 3564 1359 3617 quem
1385 3566 1417 3604 eo

245 3634 336 3704 megis
361 3636 498 3704 proderem
523 3637 595 3703 quod
628 3637 717 3692 sdbuc
746 3636 855 3706 fugisse
882 3635 994 3692 videtur
1024 3635 1230 3704 grammaticos.
1274 3635 1327 3702 Qui
1358 3653 1417 3692 oum

252 3723 441 3779 dubitaverint
460 3729 543 3792 etque
562 3724 646 3780 etium
663 3739 736 3779 nunc
753 3724 890 3792 dubitent,
908 3739 962 3780 vox
979 3722 1125 3792 pollinis
1143 3724 1289 3780 msscnlini
1307 3726 1418 3795 generis

244 3812 284 3868 sib
312 3826 348 3865 cn
365 3810 491 3866 feminini
509 3812 569 3882 (cir.
588 3811 665 3868 Neue
684 3812 711 3865 1⁹
728 3813 807 3883 494),
825 3813 855 3867 in
873 3811 1055 3881 congerendis
1074 3812 1114 3866 eis
1133 3811 1215 3880 locis,
1240 3813 1312 3868 unde
1331 3830 1417 3883 genus

248 3899 382 3969 cognosci
405 3904 516 3968 posset,
541 3900 661 3954 nondum
685 3900 821 3956 rationem
845 3901 1001 3956 habuerunt
1024 3900 1171 3956 verborum
1196 3916 1266 3968 quse
1288 3902 1419 3972 leguntur

245 3987 289 4044 ΠΙ
311 3988 353 4056 10,
372 3991 389 4042 7
407 3987 497 4058 ibique
516 3989 658 4059 polentam
676 3995 702 4043 ot
721 3989 854 4060 pollinem
873 4005 947 4059 aquo
965 3987 1137 4059 madefacto
1156 3988 1223 4043 dom
1246 3989 1348 4056 cibum,
1372 3989 1420 4045 ubi

246 4091 337 4146 genus
355 4080 485 4132 neutrum
498 4075 545 4131 vix
564 4075 697 4146 scripturn
717 4064 801 4143 esset,
820 4075 874 4133 nisi
892 4076 1004 4152 pollinis
1016 4076 1180 4132 vocebnlnm
1199 4093 1248 4145 pro
1267 4077 1417 4133 masculino

246 4165 364 4233 scriptor
381 4163 547 4234 accepisset.
561 4195 596 4208 -
609 4165 654 4220 An
673 4163 855 4234 scribendum,
874 4165 946 4234 quod
965 4164 1051 4220 editio
1069 4165 1197 4234 princeps
1215 4165 1308 4236 babet,
1326 4166 1417 4221 mods·
1527 4175 1528 4244 j

242 4251 367 4408 swani?
383 4339 479 4395 cicero
507 4341 593 4400 multo
620 4340 730 4412 ssepius
753 4340 855 4411 plurali
878 4339 969 4396 utitur
994 4355 1074 4409 quem
1098 4340 1249 4411 singulari3
1280 4341 1330 4398 cir.
1351 4343 1416 4397 Anu.

245 4441 271 4496 p.
292 4427 403 4482 14-17.
