3070 4828
567 203 789 264 ..77-

178 376 356 444 Obiectnm
369 375 544 444 duodecies
557 377 643 459 apud
653 376 853 459 Ciceronem,
866 375 968 443 toties
982 377 1068 460 apud
1076 379 1260 450 Varronem

92 486 165 549 ante
181 484 274 550 verb.
295 482 348 550 fin.
364 483 471 549 locum
485 482 602 570 teneti
617 483 733 566 quibus
749 486 860 549 autem
876 487 952 565 post
967 484 1102 553 uerbum
1118 485 1261 568 positum

29 617 31 688 ι
93 588 143 664 sit,
169 592 248 656 octo
271 589 336 656 loci
359 592 438 656 sunt
461 591 549 673 apud
570 591 763 667 Varronem,
788 588 850 655 duo
874 589 926 656 vel
952 593 1001 671 (ut
1024 593 1080 672 §2
1102 591 1261 674 placarem

91 700 123 758 ot
134 695 275 778 fratrem
286 700 362 780 etc,
380 696 436 764 abi
449 698 585 781 fratrem
600 694 764 779 appositio
779 693 890 777 potins
907 699 960 762 est
976 712 1073 777 quam
1085 697 1259 782 obiectum,

90 801 255 887 omittam)
277 819 361 870 unus
384 803 472 886 apud
495 802 700 872 Ciceronem:
726 805 744 884 ἓ
767 807 785 866 3
809 801 861 868 cai
883 801 960 866 dere
982 802 1106 868 litteras
1123 824 1259 886 possem,

89 909 140 975 ubi
162 909 254 976 hanc
277 909 527 977 collocationem
548 908 749 993 praetulisse
765 911 878 991 potest
894 911 932 975 ut
948 907 1128 976 clausulam
1145 910 1260 993 dacty-

88 1013 184 1082 licam
216 1016 376 1101 (ptum
403 1017 480 1081 dere
504 1016 664 1101 passaw)
695 1014 879 1097 evitarem).
927 1016 1035 1084 Varro
1059 1035 1116 1083 cur
1139 1015 1258 1104 iu§1

89 1121 278 1190 sollemnem
301 1121 447 1189 ordinem
469 1122 651 1192 mutaverit
674 1121 920 1205 (praeponebam
941 1123 1077 1189 rusticos
1098 1123 1260 1191 Romaeos

88 1227 247 1316 artonis),
271 1233 383 1314 patet3
412 1228 494 1297 item
516 1229 551 1297 in
575 1233 593 1312 ξ
618 1236 637 1293 4
662 1227 714 1315 (eo
736 1227 888 1312 separes
910 1229 986 1308 fecit
1002 1234 1128 1315 pretc);
1158 1229 1260 1299 etiam

89 1333 119 1399 in
143 1335 161 1419 ᾗ
189 1344 210 1400 5
234 1335 356 1422 (hetae
378 1342 543 1420 atramque
560 1383 592 1403 ..
617 1335 833 1418 disciplicere)
849 1333 920 1402 scil.
937 1340 1072 1420 propter
1086 1337 1260 1422 genetivos

90 1442 141 1522 qni
153 1446 349 1524 sequuntur,
363 1463 404 1510 ex
415 1462 446 1513 v.
460 1443 628 1526 discipline
640 1442 837 1526 pendentes3
860 1460 925 1508 non
939 1461 1043 1525 aeque
1053 1446 1261 1528 perspicuum

90 1552 138 1614 est
162 1549 218 1616 his
240 1549 335 1616 locis:
359 1553 379 1632 ξ
404 1556 422 1614 2
446 1571 480 1616 sc
501 1550 611 1616 labae
633 1549 755 1630 vetlem
778 1553 884 1614 voccat
906 1548 987 1630 loca;
1011 1552 1067 1633 §4
1091 1551 1262 1617 docacreat

88 1657 279 1740 praecariam
296 1656 501 1722 coadtderact
511 1657 633 1737 ardena·
647 1657 736 1722 tebet
748 1656 924 1739 maeotium.
955 1655 1061 1724 Omisi
1072 1657 1260 1725 innumeris

89 1763 277 1830 statuendis
300 1766 319 1845 ἕ
337 1771 354 1826 5
373 1763 526 1845 pabutum
549 1783 736 1846 compescere
758 1783 853 1846 paam
874 1763 1006 1829 eosdm
1020 1764 1122 1848 mepte
1138 1765 1261 1846 capedtt

90 1871 122 1934 et
137 1873 158 1951 ξ
176 1875 196 1934 3
211 1871 405 1953 framearum
421 1869 559 1935 locamus
575 1869 629 1955 qut
643 1870 731 1937 aedis
746 1871 878 1937 advehet
900 1874 1037 1954 propter
1061 1870 1261 1957 singularem

90 1973 203 2043 horum
224 1976 369 2043 locorum
392 1975 622 2044 condicionem.

28 2071 29 2080 ¹
178 2083 342 2152 Similiter
370 2083 615 2153 substantivum
645 2103 687 2150 ex
714 2081 958 2168 praepositione
985 2084 1130 2167 pendens
1158 2084 1261 2151 vicies

92 2189 178 2272 apud
209 2189 402 2275 Ciceronem
432 2191 533 2258 verbo
568 2189 662 2258 finito
693 2189 878 2269 antecedit,
910 2189 1018 2256 tribus
1049 2193 1179 2256 tautum
1211 2209 1261 2258 se-

92 2297 213 2380 qnitur,
242 2296 294 2364 his
324 2297 489 2364 nimirum:
523 2301 541 2379 ᾗ
575 2297 699 2380 tqaoci
724 2296 769 2362 cd
794 2317 842 2362 ore
869 2296 982 2362 sactis
1005 2295 1043 2361 te
1065 2315 1171 2362 sorore
1194 2302 1260 2374 tao,

26 2416 28 2454 ι
92 2404 143 2470 ubi
176 2404 278 2475 verba
319 2405 356 2470 dc
391 2424 496 2470 sorore
528 2410 584 2470 teo
614 2403 791 2488 premenda
819 2402 948 2490 erana)
979 2407 1127 2487 (poterat
1159 2403 1262 2472 etiam
1384 2447 1386 2450 -

25 2457 29 2647 Ι
92 2511 193 2578 scribi
222 2511 259 2577 do
288 2532 393 2578 sorore
423 2511 505 2594 qaod
525 2563 532 2576 .
555 2559 562 2574 .
584 2512 696 2577 sorotis
728 2509 786 2578 cir.
818 2511 838 2594 ξ
865 2517 885 2575 4
916 2510 954 2576 de
984 2512 1078 2576 Acat.
1110 2512 1260 2600 mpotio);

27 2647 28 2720 ἦ
93 2617 109 2698 5
137 2626 158 2682 4
188 2639 284 2702 mooe
313 2619 392 2684 duat
418 2618 551 2685 santae
580 2619 624 2684 aot
653 2624 682 2684 tc
712 2618 750 2683 de
779 2617 867 2683 illias
897 2617 1099 2699 quaternate
1126 2624 1262 2701 propter

93 2725 286 2808 chiasmum;
311 2723 367 2812 §5
391 2747 470 2808 paee
493 2725 624 2792 dicende
637 2727 770 2810 fueram
793 2723 829 2790 ote
852 2722 1041 2793 retentasse
1064 2726 1150 2807 quod
1171 2725 1262 2792 inter

94 2868 303 2879 ᾖ-

195 2938 218 3006 1)
236 2936 269 2992 In
289 2937 458 2993 orationibus
477 2941 553 2992 certe
572 2937 652 2993 anxie
671 2953 731 2993 eam
750 2935 885 2993 critatem
904 2951 965 2991 esse
977 2952 995 2990 a
1007 2934 1147 3001 cicerone,
1166 2933 1263 2990 subtili

27 3039 28 3050 ¹
96 3023 325 3080 commentatione
343 3025 545 3081 demonstravit
563 3025 714 3094 G.,Wuest
730 3025 759 3081 in
778 3025 852 3081 Dies.
871 3025 938 3096 Δις.
958 3024 1018 3077 VII.
1048 3023 1201 3079 Varronem
1218 3022 1262 3079 his

94 3113 176 3167 rebus
202 3127 313 3181 operam
341 3129 395 3168 non
423 3113 532 3170 dedisse
557 3119 587 3169 et
610 3129 644 3170 ax
666 3114 777 3184 ingenio
801 3112 890 3183 ipsius
914 3111 1047 3170 Varronis
1065 3113 1215 3167 concludes
1234 3118 1263 3168 et

93 3199 170 3256 libris
188 3200 322 3270 inspectis
344 3201 429 3256 facilc
453 3217 610 3271 cognosces.
647 3202 716 3258 Nem
734 3203 822 3258 multa
840 3201 961 3258 frustula
979 3201 1008 3256 in
1025 3214 1154 3255 numeros
1171 3199 1263 3270 redigi

95 3305 175 3358 pesse
200 3289 290 3346 obiter
315 3296 510 3346 commemoret
539 3290 623 3348 Riese
647 3291 676 3346 iu
699 3290 786 3359 praet.
817 3289 860 3344 ed.
886 3290 967 3345 Varr.
999 3293 1050 3344 sat.
1076 3289 1148 3343 Men.
1173 3305 1199 3357 p.
1218 3290 1261 3344 56.

94 3377 147 3435 Gir.
168 3394 190 3435 a.
210 3395 238 3449 g.
257 3379 270 3432 Ι
290 3381 332 3448 13,
351 3381 368 3432 6
387 3395 457 3450 quaa
475 3397 549 3434 nanc
567 3379 774 3451 compleratque
792 3381 906 3443 contw
924 3378 953 3433 lI
971 3379 1032 3445 1‚14
1050 3377 1128 3430 tertia
1139 3392 1210 3447 pars
1222 3385 1263 3430 cst

94 3483 144 3536 qao
163 3467 200 3522 rit
216 3467 329 3522 comiato
348 3465 534 3538 quaerendam
553 3468 601 3538 (=
619 3482 716 3524 sersus
737 3468 836 3524 herous
854 3465 943 3521 Ennio
963 3481 1028 3521 eane
1047 3464 1158 3536 dignior
1181 3480 1262 3533 quam

94 3561 152 3610 arte
171 3555 332 3628 Ouidiane);
350 3556 389 3611 VI
408 3556 442 3610 39
460 3556 604 3611 immanem
622 3555 765 3612 certarem
784 3555 917 3628 expediat
939 3571 1082 3611 eameram
1101 3555 1146 3625 (=
1164 3569 1262 3611 verens

93 3646 282 3716 pentameter).
330 3646 362 3700 In
386 3645 427 3699 111
455 3645 489 3700 16
511 3645 564 3700 hee
587 3643 683 3700 insunt
707 3644 861 3701 clausulae:
892 3645 909 3714 g
933 3645 950 3699 6
974 3643 1065 3698 emate
1086 3661 1177 3716 parsu
1206 3646 1221 3714 ξ
1246 3645 1263 3698 7

25 3803 26 3809 ¹
94 3731 255 3798 disturbare,
273 3733 398 3798 resistot;
422 3735 437 3802 ᾗ
457 3734 491 3788 15
507 3735 628 3804 fiqarem
645 3733 782 3788 imitentur
801 3749 912 3798 aarum·
937 3733 953 3806 ᾖ
973 3734 1006 3788 23
1031 3749 1092 3790 csse
1109 3733 1263 3798 inlitterati,-

26 3823 27 3894 j
95 3821 215 3876 admixto
240 3821 413 3893 apiastro;§
438 3825 473 3877 24
490 3838 606 3894 carpere
625 3821 732 3886 diana
754 3822 770 3890 ἓ
793 3823 829 3877 26
851 3839 867 3877 c
891 3837 956 3877 rore
974 3822 1090 3881 marino.
1128 3823 1181 3880 Sed
1198 3822 1262 3877 nolo

25 3983 26 3988 η
95 3908 135 3964 his
152 3909 235 3980 nugis
253 3913 362 3980 tempus
380 3915 481 3967 terere.

25 3989 26 3993 ’
191 3997 215 4069 ”)
233 3997 352 4070 Propter
371 3999 485 4056 eandem
506 4013 618 4054 causam
635 3997 664 4054 iu
682 3997 810 4069 epistulis
828 4015 882 4055 uon
901 4015 964 4056 raro
980 4000 1049 4056 haec
1062 4003 1107 4056 est
1116 3996 1260 4054 collocatio

94 4084 168 4142 verbi
186 4102 211 4156 q.
231 4102 255 4144 e.
274 4087 402 4144 scatere.

180 4173 310 4231 Ceterum
336 4180 370 4232 ut
387 4175 488 4245 ubique
513 4175 553 4232 sio
577 4175 662 4231 etiam
684 4175 713 4231 in
740 4175 784 4232 hir
808 4176 937 4233 membris
966 4173 1132 4232 collocandis
1156 4174 1263 4230 numeri

94 4264 163 4319 ratio
187 4264 283 4321 habita
301 4271 353 4335 cst,
378 4281 402 4322 s.
421 4282 448 4336 g.
468 4265 503 4321 ad
521 4264 582 4319 Aac.
601 4264 649 4332 It,
674 4264 734 4318 atr
757 4281 800 4319 mc
824 4281 958 4320 accusare
982 4264 1016 4319 de
1040 4268 1064 4318 tc
1088 4262 1192 4318 solebat
1214 4263 1262 4319 nbi

28 4397 29 4418 ι
97 4358 206 4422 praeter
223 4353 329 4410 exitum
347 4353 513 4420 dactylicum
522 4353 551 4407 id
561 4367 668 4420 quoque
680 4351 840 4408 evitandum
853 4357 922 4420 eret,
940 4367 975 4407 ne
989 4356 1122 4420 quattuor
1134 4353 1262 4422 deinceps

27 4494 28 4514 χ
96 4439 277 4510 monosyllaba
296 4441 535 4512 coniungerentur.
887 4461 888 4466 ¹
