3070 4828
736 249 954 310 ..62-

261 423 361 491 datus
396 422 608 506 plurimorum
641 420 767 506 ellipsis
802 442 958 508 generum
991 423 1141 506 exempla
1169 427 1255 506 quae
1282 443 1309 491 0.
1337 444 1369 510 g.
1397 425 1436 492 in

200 611 201 614 Ἴ
261 529 430 598 Ciceronis
458 529 610 614 epistulis
639 530 867 610 inveniuntur,
896 529 1030 614 putabit
1058 530 1197 597 eundem
1223 530 1368 599 fructum
1396 551 1436 599 se

260 655 303 702 ex
333 637 496 708 Varronis
528 636 623 703 libris
653 641 897 720 percepturum,
933 657 1009 722 spes
1041 656 1114 704 enm
1145 636 1258 722 fallet,
1293 658 1371 705 nam
1403 639 1435 706 si

264 761 387 828 genera
410 743 500 811 illius
523 743 704 812 brevitatis
727 744 958 815 Varronianus
982 744 1203 827 spectaveris,
1227 762 1335 828 pauca
1358 763 1436 812 csse

264 848 423 918 inuenies.
458 849 604 916 Maxime
626 869 705 918 vero
728 851 790 917 hoc
812 850 1022 933 premendum
1046 853 1099 918 est
1116 849 1306 918 Oieeronem
1321 869 1436 918 eorum

260 955 404 1023 locorum
435 957 552 1037 quibus
583 956 753 1025 brevitate
783 957 817 1022 in
841 956 977 1024 dicendo
1000 975 1079 1025 usus
1102 961 1169 1039 est,
1201 960 1262 1024 aut
1283 958 1435 1040 plurimis
1521 1029 1522 1049 χ

262 1066 322 1129 aut
347 1068 438 1129 certe
457 1063 630 1146 permultis
655 1068 731 1130 arte
755 1067 790 1130 et
814 1063 948 1131 consilio
970 1082 1043 1131 eam
1066 1062 1204 1130 formam
1220 1064 1436 1146 usurpavisse
1521 1067 1522 1138 ἶ

260 1167 302 1234 ad
326 1170 513 1254 augendam
535 1169 789 1252 uniuscuiusque
812 1170 906 1239 uerbi
929 1171 996 1238 vim
1020 1175 1121 1252 atque
1138 1189 1290 1253 acumen3
1315 1173 1434 1238 contra
1521 1187 1522 1256 ἢ

260 1275 490 1345 Varronianus
514 1275 647 1358 ellipses
670 1275 740 1344 iere
764 1275 807 1343 ad
829 1295 928 1343 unam
952 1295 1063 1344 omncs
1087 1277 1285 1347 derivandas
1302 1297 1375 1344 esse
1392 1295 1436 1345 ex

258 1381 473 1466 neglegentia
512 1381 572 1448 illa
611 1401 676 1463 qna
718 1399 790 1449 eum
823 1382 858 1449 in
892 1383 1039 1450 omnibus
1073 1383 1167 1449 libris
1203 1383 1434 1466 componendis
1521 1383 1522 1420 1

258 1491 411 1555 uteretur
426 1489 546 1573 Varro,
570 1489 697 1556 factum
721 1493 773 1556 est
796 1494 834 1558 ut
857 1489 1016 1557 sermonis
1033 1489 1193 1557 cotidiani
1209 1508 1283 1556 eam
1305 1507 1434 1572 qnoque
1521 1567 1522 1578 ἶ

262 1594 531 1662 consuetudinem
554 1595 641 1681 apud
656 1597 841 1668 Varronem
864 1595 1070 1665 inveniamus
1087 1596 1202 1678 inqua
1219 1595 1432 1665 audientibus

261 1717 327 1767 non
360 1720 437 1768 raro
472 1702 634 1784 quaedam
670 1703 853 1786 supplenda
880 1701 1122 1786 relinquuntur3
1158 1703 1217 1770 eir.
1248 1701 1432 1788 Segebade,
1521 1697 1522 1782 1

259 1806 349 1874 Diss.
374 1808 455 1874 Hal.
478 1809 531 1880 IV
555 1816 629 1873 298.
1521 1794 1522 1814 ¹

350 1911 416 1982 Sed
439 1913 571 2000 singula
593 1915 773 1986 videamus.

796 2113 814 2195 d
840 2117 892 2176 44.
1521 2117 1522 2126 ¹

348 2236 463 2317 Atque
474 2235 612 2319 primum
623 2235 751 2318 quidem
761 2233 897 2304 inlibris
908 2255 1017 2304 rerum
1028 2236 1226 2305 rusticarum
1236 2235 1431 2320 saepissime

258 2342 352 2410 verbi
383 2342 470 2408 finiti
492 2362 632 2426 persona
656 2343 760 2411 tertia
783 2344 834 2410 ita
857 2344 968 2428 posita
992 2348 1045 2410 est
1072 2349 1111 2411 ut
1134 2343 1318 2411 subiectum
1341 2343 1431 2411 desit
1521 2355 1522 2442 1

259 2448 331 2517 sive
354 2449 470 2515 deesse
493 2449 662 2533 uideatur3
688 2451 835 2519 omnibus
859 2456 972 2518 autem
994 2450 1065 2518 fere
1087 2450 1130 2518 iis
1152 2451 1233 2517 locis
1259 2451 1372 2535 agitur
1388 2450 1429 2517 de
1521 2474 1522 2506 r

259 2573 297 2620 eo
321 2555 361 2621 de
385 2573 448 2638 quc
472 2555 601 2623 omnino
624 2556 758 2623 bilibri
781 2555 898 2642 scripti
921 2562 1008 2641 sunt,
1034 2557 1074 2624 de
1090 2556 1239 2642 agricola
1255 2577 1281 2624 s.
1299 2556 1429 2623 domino

257 2660 370 2730 villae.
413 2661 556 2729 Prorsus
586 2662 673 2731 idem
704 2663 816 2731 omissi
846 2663 988 2731 subiecti
1017 2683 1096 2732 usus
1126 2664 1162 2731 in
1193 2664 1320 2749 legibus
1350 2665 1431 2733 XII

257 2767 447 2834 tabularum
474 2770 668 2850 conspicuus
698 2774 765 2854 est;
794 2769 852 2838 cfr.
882 2769 1059 2838 11801ιὸ11
1086 2770 1121 2837 in
1148 2769 1293 2837 editione
1319 2791 1348 2854 p.
1375 2777 1428 2836 73.

257 2875 421 2945 Varronis
456 2874 606 2956 exempla
640 2875 707 2942 iam
740 2877 831 2943 Keil.
868 2875 1046 2958 adscripsit
1081 2877 1124 2943 ad
1157 2877 1176 2942 I
1212 2883 1295 2960 2‚21.
1348 2877 1429 2960 Ipse
1521 2877 1522 2890 ¹

259 2999 357 3048 unum
380 2982 487 3051 locum
511 2983 696 3050 exscribam
720 3003 782 3066 quo
806 2985 850 3050 ad
873 2983 1057 3050 subiectum
1079 2986 1190 3051 mente
1213 2985 1428 3067 supplendum

256 3091 391 3170 spectat
419 3108 596 3171 pronomen
623 3090 846 3172 possessivum
868 3092 889 3157 I
918 3097 956 3154 21
982 3092 1019 3159 Si
1044 3100 1144 3178 proto
1170 3100 1304 3161 0001..
1328 3115 1432 3178 aeguo

254 3217 351 3282 pocus
373 3198 497 3282 habet,
521 3199 742 3285 0100010000νο
758 3199 1120 3284 01011000000000010
1143 3222 1209 3267 000
1231 3202 1335 3286 suado
1353 3223 1431 3286 pas-

256 3311 306 3372 001
328 3327 366 3372 00
388 3305 530 3372 01010101.

344 3409 503 3476 Eiusdem
532 3409 678 3494 generis,
712 3410 778 3478 etsi
808 3411 919 3496 paullo
951 3410 1096 3495 diversa,
1128 3416 1181 3478 est
1212 3431 1252 3479 ea
1280 3410 1431 3478 brevitas

257 3532 341 3595 quae
364 3515 656 3600 grammaticorum
679 3516 884 3599 potissimum
906 3518 960 3586 uel
982 3514 1247 3600 philosophorum
1270 3517 1430 3584 sermonis
1521 3523 1522 3594 1

255 3620 388 3688 uidetur
411 3622 541 3706 propria
565 3641 639 3690 esse
667 3623 723 3705 qui
749 3623 785 3689 in
813 3621 992 3691 sententiis
1021 3623 1065 3689 ad
1088 3623 1261 3693 universos
1282 3623 1430 3690 homines
1521 3615 1522 3706 l

257 3744 360 3808 aeque
390 3728 620 3810 spectantibus
651 3728 721 3812 (cir.
751 3727 892 3796 Kiihner
908 3749 951 3812 p.
980 3731 1013 3812 4)
1041 3729 1135 3798 verbi
1162 3750 1295 3798 numero
1319 3730 1429 3813 singu-
1521 3755 1522 3780 ³

254 3831 321 3899 lari
357 3832 409 3898 usi
444 3835 623 3914 quemlibet
656 3835 819 3902 hominem
853 3834 996 3902 subiecti
1024 3835 1096 3902 1000
1127 3836 1274 3922 intelligi
1302 3837 1428 3906 uolunt.
1521 3847 1522 3886 1

254 3939 329 4024 Ego
346 3941 453 4028 ‘certe
484 3939 645 4006 contendo
676 3941 736 4007 hos
768 3940 931 4011 Varronis
961 3940 1052 4008 locos
1085 3943 1149 4009 tali
1179 3942 1311 4010 ratione
1343 3943 1428 4010 acci·

256 4043 393 4130 piandos
417 4061 491 4110 esse
514 4044 567 4113 VI
591 4049 631 4108 73
654 4047 767 4116 Elium
788 4048 866 4134 spes
888 4071 909 4117 0
931 4057 1041 4135 moute
1058 4057 1161 4135 potest
1183 4073 1248 4119 esse
1270 4052 1429 4120 0100110010

255 4154 339 4238 qaod
361 4159 430 4220 100
452 4159 581 4237 sperat
603 4173 675 4219 cam
702 4155 786 4237 qaod
811 4155 875 4221 0011
896 4155 978 4239 ficri
999 4160 1113 4241 putum·
1142 4179 1221 4226 0000
1249 4159 1332 4241 qaod
1361 4179 1429 4226 000
1521 4163 1522 4202 ³

256 4259 321 4326 0011
343 4258 374 4324 si
390 4264 496 4343 putot,
520 4258 643 4342 0001011,
666 4279 736 4326 000
758 4266 865 4342 sperat
887 4262 922 4324 et
942 4259 995 4328 VI
1020 4265 1059 4324 11
1085 4306 1142 4328 ...
1161 4270 1294 4349 propter
1315 4265 1427 4331 0100111-

257 4364 404 4432 tudinem
426 4365 544 4450 upercdc'
566 4371 596 4432 01
617 4363 763 4450 faciendi
785 4370 814 4430 01
833 4367 967 4449 gerendi
997 4368 1128 4452 quidam
1150 4389 1241 4436 error
1265 4412 1272 4428 ·
1295 4413 1303 4429 ·
1326 4415 1334 4434 .
1357 4370 1428 4437 Po·

256 4475 328 4538 test
358 4469 446 4539 euim
475 4471 599 4556 aliquid
629 4473 734 4556 facere
765 4476 794 4536 01
823 4489 893 4540 000
922 4477 1105 4558 00000010.
1152 4471 1334 4557 Utriusque
1364 4474 1428 4541 loci

1521 4621 1522 4678 1
