3070 4828
744 222 965 281 ..76...

269 397 393 462 motum
415 392 653 476 paenultimam
681 391 717 460 in
739 393 915 461 enuntiato
931 393 1041 462 sedem
1056 396 1161 461 tenet.
1197 391 1452 478 (2222112122-

268 499 428 568 fationem
450 500 527 568 libri
549 499 715 587 secundi²)
739 519 811 568 cum
835 500 979 583 epistula
1000 497 1169 568 Ciceronis
1189 520 1273 583 quae
1303 502 1452 570 cundem

271 605 342 674 fere
359 625 526 674 numerum
541 625 695 675 uersuum
711 607 869 687 continet,
894 607 938 674 ad
953 605 1030 674 Att.
1048 606 1067 673 I
1084 613 1111 670 t.
1140 605 1214 692 Qua
1235 605 1271 675 in
1295 607 1452 692 epistula

272 731 343 780 cum
370 719 411 778 42
435 713 506 782 fere
528 713 610 782 locis
633 715 770 783 uerbum
803 713 931 782 finitum
960 713 1077 780 ultimo
1109 711 1180 780 loco
1210 713 1353 797 positum
1384 716 1451 800 sit,

272 818 406 887 circiter
423 827 463 885 22
488 821 569 886 locis
594 825 706 888 autem
730 820 779 888 212
803 819 970 887 enuntiati
984 819 1136 904 partibus
1160 820 1340 888 antecedat
1356 840 1453 904 quae

270 944 311 992 ex
349 925 407 993 1112
445 927 605 1010 pendent,
644 927 732 1011 apud
767 925 952 994 Varronem
994 925 1178 1009 quindecim
1215 925 1285 994 iere
1322 926 1452 1010 prioris

269 1031 402 1115 generis
425 1032 507 1099 locis
531 1032 666 1100 circiter
689 1039 729 1097 25
755 1033 955 1116 respondent
984 1032 1123 1100 21221122
1147 1030 1286 1118 generis
1333 1032 1452 1099 Accu·

268 1137 399 1205 ratiora
424 1157 465 1206 ex
486 1140 550 1206 hac
573 1139 690 1208 tabula
714 1142 961 1225 cognoscentur.

971 1245 1118 1317 Verbum
1141 1244 1270 1312 finitum

270 1366 353 1436 (lum
361 1369 460 1437 uerbo
473 1368 566 1436 linito
576 1370 798 1455 coniungitur:
820 1352 907 1436 apud
919 1351 1111 1420 Ciceronem
1139 1351 1227 1433 apud
1248 1352 1439 1422 Varrffllem

822 1474 964 1532 antecedit
983 1475 1109 1544 sequitur
1142 1472 1282 1530 antecedit
1302 1472 1434 1540 sequitur

269 1560 459 1632 Infinitiuus
870 1571 888 1631 2
1044 1571 1060 1630 7
1213 1569 1229 1627 1
1296 1562 1411 1631 412212

270 1668 496 1738 Accusativus
520 1690 592 1739 cum
614 1671 778 1742 infinitivo
870 1679 888 1737 8

270 1776 491 1860 Participium
870 1785 889 1843 3

269 1882 483 1952 Adiectiuum
870 1892 890 1949 4

269 1988 460 2057 Subiectum
870 1998 890 2057 4

269 2095 445 2165 Obiectum
474 2097 723 2184 (Accusatiuus)
871 2105 889 2163 2

267 2202 414 2270 Dativus

268 2308 451 2378 Ablctiuus

269 2414 453 2483 Ablativus
477 2417 649 2486 absolutus

268 2518 474 2590 Aduerbium
821 2505 822 2509 Ἰ

267 2628 478 2711 Ρ1222221212
491 2648 563 2697 cum
575 2632 789 2702 substantivo
870 2637 887 2695 3
1020 2636 1061 2695 20
1123 2523 1127 2734 1
1191 2636 1230 2694 12
1276 2635 1315 2694 12

802 2757 805 2862 Ι
846 2781 886 2839 29
1019 2779 1060 2838 eo
1122 2754 1125 2860 l
1188 2779 1229 2837 22
1274 2770 1445 2852 52122122).

357 2878 510 2963 Exempli
536 2878 641 2965 igitur
671 2899 773 2949 causa
795 2893 882 2966 part.
907 2879 987 2964 perf.
1010 2898 1100 2964 2222.
1125 2899 1197 2946 2221
1221 2879 1337 2962 copula
1361 2896 1442 2945 con-

267 2982 414 3052 iunctum
444 3004 517 3056 cum
547 3006 664 3055 novom
693 2988 776 3056 locis
806 2988 894 3071 apud
925 2985 1117 3054 Ciceronem
1146 2986 1295 3072 legatur,
1331 2983 1444 3052 tribus

267 3089 349 3156 12212
374 3095 490 3176 copula
514 3095 695 3179 antecedit,
718 3113 778 3162 sex
800 3095 881 3162 locis
904 3094 1068 3177 aequitum
1104 3097 1220 3161 contra
1244 3092 1351 3158 Varro
1374 3109 1443 3159 uno

267 3197 339 3265 loco
362 3219 425 3282 quo
449 3202 599 3286 copulam
621 3220 687 3270 non
709 3201 820 3269 omisit
836 3239 880 3250 -
904 3205 1023 3285 qnater
1046 3200 1132 3268 enim
1148 3219 1190 3266 ex
1205 3196 1444 3266 consuetudine

268 3324 328 3372 222
352 3307 563 3390 participium
586 3308 657 3376 sine
682 3309 798 3392 copula
813 3307 924 3392 222212
942 3307 977 3394 (ξ
992 3312 1012 3371 4
1027 3307 1064 3372 td
1076 3306 1159 3388 quod
1171 3306 1208 3371 ia
1222 3325 1298 3389 2212
1312 3309 1442 3382 1211211112

270 3416 288 3492 ξ
314 3420 436 3495 512222
460 3416 583 3498 factum
610 3421 646 3480 112
672 3421 891 3492 casamentum
921 3434 1000 3496 21122
1026 3418 1105 3480 11222
1132 3433 1171 3478 ec
1187 3432 1313 3494 pacem
1342 3410 1448 3476 adid

262 3538 362 3600 pecco
385 3522 575 3608 2222212212)
597 3559 643 3570 -
665 3521 800 3605 22112212
824 3521 858 3609 (ξ
882 3519 929 3607 2):
954 3520 1217 3586 22222222221121.

359 3747 381 3813 ¹)
399 3747 479 3805 Hanc
505 3750 671 3820 particulam
695 3750 769 3822 21221
793 3750 865 3820 quod
890 3754 921 3807 et
943 3750 973 3806 in
1000 3765 1033 3806 aa
1057 3749 1244 3820 componenda
1269 3749 1312 3818 (ut
1331 3747 1442 3804 omniun

272 3834 303 3890 in
322 3837 482 3907 prooemiis)
507 3839 569 3907 plus
593 3855 694 3910 operae
718 3856 800 3909 quom
823 3840 852 3895 in
877 3838 979 3895 ceteris
1003 3836 1174 3908 2221122212
1199 3837 1329 3894 collatum
1348 3841 1394 3892 est
1413 3846 1442 3894 et

269 3939 302 3979 ex
322 3939 356 3979 22
374 3940 526 3981 sermonem
548 3943 613 3984 uere
632 3927 833 3984 Varronianum
856 3927 986 3998 cognosci
1008 3925 1076 3982 licet
1092 3925 1241 3996 integrum,
1261 3941 1322 3981 cum
1344 3925 1441 3980 multis

269 4012 333 4068 21112
351 4011 420 4067 12212
439 4012 551 4069 dubium
570 4015 615 4083 112,
634 4023 770 4085 quatenus
789 4033 823 4074 ex
841 4015 1002 4072 auctoribus
1015 4014 1113 4084 quibus
1131 4028 1198 4070 11222
1217 4018 1260 4069 222
1276 4013 1367 4068 Varro
1385 4029 1441 4070 uon

269 4101 357 4157 solum
376 4116 422 4157 ros
441 4101 489 4157 sed
508 4102 592 4158 otiam
611 4101 1163 4160 121221212212112121112111122212112.

361 4189 385 4260 ⁹)
404 4189 516 4247 Summo
533 4198 566 4247 22
589 4190 678 4248 maior
701 4191 825 4249 eueniret
847 4192 969 4250 numeris
994 4189 1440 4262 22212121122212,11111212222111

269 4283 322 4345 est,
341 4277 415 4347 quod
433 4280 535 4337 multos
553 4281 629 4337 locos
653 4280 715 4350 2121
739 4282 826 4338 semel
843 4282 872 4338 in
895 4281 1032 4338 rationem
1056 4279 1233 4337 introducere
1256 4278 1345 4347 debui,
1372 4296 1395 4337 2.
1413 4298 1440 4352 g.

273 4366 289 4436 ξ
308 4366 497 4507 tbdoccercut
509 4374 642 4440 pastores
658 4368 818 4440 2122222221
835 4386 914 4426 suam
926 4374 1040 4440 propter
1059 4367 1267 4425 collocationem
1280 4372 1310 4424 22
1322 4367 1440 4426 subiecti

270 4457 299 4509 et
319 4468 334 4508 o
353 4452 427 4510 iacti.
