3070 4828
568 223 787 280 ...49-

186 392 355 475 Plerisque
371 396 483 460 antem
505 393 587 461 locis
603 412 675 460 cum
692 411 756 460 nom
773 391 919 460 sufficiat
933 395 1037 461 verba
1052 393 1268 479 distinguere,

106 499 374 584 interpretatione
406 517 486 582 opus
518 503 580 567 est.
634 498 823 567 Cuiusmodi
854 500 1036 582 exemplam
1068 500 1270 568 luculentum

105 607 358 691 legitur12,12
389 610 467 676 dam
498 611 533 676 iol
562 609 726 677 mobiseam
753 630 824 677 aaa
853 609 988 676 matrs
1015 632 1053 676 ac
1074 613 1163 678 uenit
1185 611 1270 680 oedi-

107 723 206 782 tamus
227 732 324 795 quem
347 713 389 780 ad
409 714 515 779 locum
530 712 621 780 Keil.
638 712 673 779 in
689 713 738 780 ed.
756 714 831 780 mai.
849 714 1073 782 adnotaverat
1090 714 1270 797 „fortasse

106 845 143 889 ae
160 823 294 892 centw-
342 819 409 888 Sed
431 819 498 902 ita,
527 823 564 886 ut
587 820 696 886 omnia
720 819 817 888 salva
840 839 914 887 esse
941 820 1133 899 videantur,
1164 822 1271 890 locum

103 925 336 1009 interpretatus
372 930 426 994 est
455 925 665 993 Richardsom
695 923 749 993 ‘de
785 927 953 1009 particula
989 924 1072 993 dum'
1107 947 1182 1012 pag.
1217 935 1268 996 63.

105 1031 241 1100 Similem
265 1032 434 1100 Ciceronis
456 1032 563 1100 locum
586 1031 704 1098 laudat
728 1033 862 1116 Drtger
883 1032 922 1098 H
945 1050 976 1115 p.
1003 1039 1065 1096 582
1092 1037 1178 1101 extr.

185 1139 313 1206 Deinde
349 1138 451 1206 etiam
486 1138 521 1205 in
554 1138 739 1206 enuntiatis
774 1138 928 1206 relativis
964 1138 1045 1206 locis
1076 1140 1271 1221 quibusdam

104 1245 326 1314 nominativus
350 1245 455 1333 (cuius
479 1264 563 1326 quae
586 1244 634 1311 ibi
657 1244 792 1329 sitris,
823 1265 888 1313 nom
911 1264 991 1328 opus
1021 1251 1074 1312 est
1097 1247 1270 1331 explicem)

104 1371 171 1418 cum
197 1352 380 1421 indicativo
409 1352 603 1420 coniunctus
631 1353 807 1422 invenitur.
857 1352 942 1420 Dico
972 1352 1032 1420 hos
1063 1352 1271 1435 potissimum

101 1459 201 1525 locos:
230 1460 250 1526 I
275 1465 328 1535 5,3
354 1481 434 1544 quoe
456 1463 496 1530 io
518 1484 552 1529 eo
574 1463 680 1548 fondo
703 1484 782 1547 opas
804 1469 883 1529 aaut
904 1483 942 1530 oo
964 1463 1096 1529 debeam
1118 1484 1183 1530 esre
1206 1464 1270 1530 cal-

103 1574 190 1634 turae
211 1589 322 1647 caaso3
347 1565 435 1648 Iso
459 1590 540 1652 quoe
562 1574 730 1635 mwueatar
752 1573 846 1652 atque
868 1569 907 1635 ira
929 1568 1035 1653 fando
1057 1570 1190 1638 debeam
1206 1592 1271 1637 esse

102 1674 241 1740 cultorne
272 1696 384 1753 causa
414 1672 454 1738 H
480 1677 574 1755 10,10
599 1675 688 1755 Quae
710 1677 752 1742 ud
782 1675 996 1742 valetudinem
1019 1677 1188 1760 pertimeat
1217 1676 1271 1744 ho·

101 1781 222 1848 mimam
251 1802 290 1849 oc
313 1782 440 1866 pecoris
470 1788 499 1848 et
528 1782 600 1848 aas
629 1783 749 1848 mico
777 1783 889 1848 curari
909 1782 1049 1866 possint,
1081 1785 1272 1869 magistram

101 1886 216 1970 scripto
237 1887 351 1954 holme
374 1891 500 1971 operta
549 1883 674 1970 Quibus
702 1884 784 1951 locis
806 1904 871 1951 nom
898 1885 933 1951 id
961 1889 1066 1952 solum
1093 1887 1152 1956 vix
1180 1887 1272 1956 casui

100 1990 318 2067 tribuendum,
355 1991 440 2073 quod
474 1990 509 2057 in
544 1991 652 2057 altero
688 2009 815 2072 quoque
851 1992 993 2058 membro
1025 1992 1081 2073 qui
1115 1994 1272 2078 leguntur

102 2096 299 2167 coniunctivi
322 2102 401 2164 sumt
422 2099 596 2167 verborum
620 2097 830 2164 auxiliarium
853 2115 938 2179 quae
966 2104 1130 2165 vocantur
1158 2099 1270 2187 (porse,

101 2207 228 2288 debere),
262 2204 322 2272 sed
351 2223 393 2270 me
425 2204 522 2286 aequi
553 2204 682 2286 quidem
714 2203 837 2270 ordinis
860 2207 937 2269 sunt
960 2203 1058 2271 binae
1082 2206 1272 2275 sententiae

100 2311 270 2392 particulis
295 2310 455 2378 additivis
479 2311 691 2378 coniunctae:
714 2310 812 2378 immo
835 2314 874 2376 ut
896 2310 1002 2377 madio
1026 2313 1173 2396 exemplo
1193 2331 1271 2382 usus

102 2417 273 2486 discrimen
306 2418 493 2501 ostendam,
526 2417 636 2486 verbis
669 2443 749 2505 qaae
774 2427 942 2488 moueatur
965 2418 1159 2500 exprimitur
1181 2421 1272 2488 notio

100 2524 251 2591 vocabuli
276 2524 446 2591 cuiusdam
469 2524 554 2607 quod
578 2528 613 2592 et
633 2529 777 2595 malm
793 2530 828 2592 et
843 2528 1005 2612 reliqum
1019 2530 1273 2599 instrumentum

102 2631 336 2713 amplectatur:
369 2631 572 2698 sententiam
599 2631 704 2716 igitur
732 2632 761 2699 si
784 2638 932 2715 spectas,
964 2631 1048 2699 duae
1070 2639 1185 2716 partes
1208 2653 1273 2702 non

102 2737 314 2805 reordinatos
351 2742 443 2822 sunt,
483 2737 542 2804 aed
577 2738 686 2805 altera
724 2738 827 2821 priori
862 2738 1089 2807 subordinate.
1148 2741 1273 2810 Similis

100 2845 245 2912 condicio
271 2849 324 2912 est
353 2849 535 2912 ceterorum
570 2844 771 2930 locorom1),
808 2846 924 2927 quibus
960 2846 1041 2914 item
1074 2847 1272 2932 ostenditur,

99 2956 222 3034 quanto
238 2953 348 3023 Varro
372 2950 560 3018 sententias
585 2950 795 3018 coordinatus
811 2951 982 3035 praeferat
998 2953 1271 3021 subordinatiomi.

99 3057 212 3124 Keilio
235 3058 349 3144 igitur,
374 3057 430 3140 qui
453 3076 509 3124 eos
531 3056 621 3124 locos
637 3057 783 3126 mutavit
801 3076 900 3141 pares
915 3059 1035 3141 ubique
1051 3059 1145 3128 verbi
1160 3061 1273 3129 modos

99 3164 259 3248 efficiens,
290 3181 355 3230 mon
382 3168 463 3246 puto
493 3163 755 3232 adsentiendum.
803 3167 905 3250 (Nam
934 3169 972 3232 ut
1003 3166 1064 3232 hoc
1094 3167 1169 3236 leve
1192 3187 1273 3236 sane

99 3274 329 3354 argumentum
352 3270 488 3350 addam,
513 3276 809 3353 quamtumcumque
832 3275 1054 3354 peccaverunt
1077 3272 1214 3351 librarii,
1238 3273 1273 3339 in

100 3376 228 3443 duabus
244 3375 398 3459 deinceps
413 3377 634 3462 paragraphis
648 3379 815 3462 15,3et4
831 3395 964 3460 prorsus
981 3376 1117 3444 cundem
1129 3396 1273 3444 errorem

100 3481 309 3550 commissum
333 3501 406 3549 esse
429 3488 522 3550 certe
545 3483 719 3550 admodum
741 3483 857 3549 mirum
880 3483 958 3568 est.)

191 3588 338 3655 Transeo
362 3589 405 3655 ad
427 3591 531 3657 verba
554 3591 612 3657 III
638 3595 710 3665 16,6
735 3593 828 3660 mallo
853 3593 970 3660 horam
997 3591 1117 3659 adddit
1142 3593 1182 3660 ia
1209 3592 1274 3661 loco

100 3698 275 3782 taqrriauto
306 3704 364 3766 oat
394 3721 427 3765 eo
459 3700 515 3783 qai
544 3699 625 3767 maa
655 3699 735 3766 oleat
764 3720 866 3783 aeque
896 3698 935 3765 ta
966 3720 1000 3764 eo
1023 3700 1080 3785 qai
1108 3700 1191 3768 borao
1215 3701 1276 3768 olet

100 3811 269 3890 amparate
292 3820 354 3883 quo
377 3802 450 3870 loco
473 3802 522 3870 sic
544 3807 676 3870 tautum
700 3803 865 3886 explicare
889 3801 1038 3885 equidem
1067 3822 1199 3886 possum
1225 3805 1274 3872 in·

193 4013 214 4082 ¹)
232 4013 304 4069 Item
322 4012 363 4067 IX
382 4015 417 4068 10
434 4013 557 4068 Alterum
576 4012 647 4084 (soil.
666 4013 776 4082 pcccati
794 4014 893 4084 gemus)
911 4013 986 4084 quod
1002 4013 1124 4070 madum
1142 4019 1185 4070 est
1201 4014 1272 4084 (soil.

103 4105 257 4172 receptum)
276 4106 303 4156 et
316 4118 467 4174 perperam
487 4101 604 4158 dicatur.
641 4102 710 4157 Nam
729 4102 839 4173 peccati
857 4118 945 4172 gemus
965 4102 1034 4158 illud
1052 4103 1086 4158 de
1100 4118 1152 4170 qao
1165 4100 1274 4170 dicitur,

100 4191 127 4245 im
160 4190 384 4246 consuetudinem
408 4192 528 4247 mondum
551 4197 693 4261 receptum
717 4207 779 4248 ease
804 4200 909 4248 certum
933 4195 977 4246 ast
1002 4191 1148 4258 -itaque
1171 4189 1274 4246 indica·

101 4280 176 4334 drus
195 4295 246 4348 -3
271 4295 336 4334 mmm
355 4286 449 4337 autern
475 4281 585 4337 omnimo
603 4280 720 4349 accidat,
738 4288 772 4336 ut
789 4280 818 4336 in
836 4279 970 4348 loquendo
990 4279 1193 4347 committatur,
1220 4295 1275 4336 mom

103 4383 189 4435 aeque
210 4372 330 4424 certum:
354 4375 431 4425 recte
455 4368 544 4440 igitur
568 4369 757 4427 coniunctivae
779 4369 808 4424 im
827 4368 916 4424 altera
938 4371 1026 4436 parte.
1063 4368 1157 4425 Aliter
1175 4368 1276 4425 Miller

102 4456 119 4510 l.
137 4456 156 4510 l.
176 4469 242 4525 pag.
261 4457 313 4512 869
331 4456 368 4512 im.

1079 4564 1097 4616 4
