3070 4828
578 205 800 264 „31-

21 433 27 476 5
114 374 215 459 lingua
237 374 480 460 denoogellioa
502 374 643 460 plurima
666 379 769 445 verba
793 378 968 447 causativa
996 379 1111 446 eadem
1142 379 1272 448 ratione

20 543 26 566 -.
113 481 241 566 exprimi
264 483 382 550 solent.

189 590 238 657 Ut
261 608 304 656 ex
326 587 437 657 verbis
461 587 591 655 dieendi
614 607 684 655 eoo.
709 606 737 656 e.
760 588 818 656 ini.
842 590 981 673 pendet,
1005 591 1054 660 sio
1075 611 1136 675 per
1159 592 1271 660 analo·

19 767 34 799 Ξ,
111 695 189 778 giem
212 695 316 762 etiam
338 694 391 761 his
413 694 496 762 loeis
519 693 656 778 legitur:

188 805 279 871 dore
312 802 352 868 Π
378 806 409 884 1,
443 807 483 865 26
515 804 569 870 sed
598 804 637 870 do
662 853 669 869 .
693 853 729 870 ..
763 825 856 889 posse
890 807 1103 874 noreaorteem
1136 810 1273 876 retineri

21 877 39 991 b
111 931 289 992 eameram
318 907 376 974 IX
410 913 448 972 10
480 931 586 977 raom
615 911 794 977 buretrum
823 917 963 996 oportere
992 914 1058 980 dioe'
1074 964 1184 981 .....
1215 917 1272 982 bos

112 1017 216 1102 corripi
246 1023 388 1102 oportere
416 1018 447 1084 se'
475 1017 666 1098 emebant·
693 1012 752 1080 err.
777 1013 845 1084 Oie.
870 1015 967 1082 Tuse.
995 1018 1015 1082 I
1043 1020 1062 1098 ξ
1094 1023 1133 1082 25
1157 1021 1272 1090 Dosree

33 1147 34 1201 p
111 1130 159 1190 oet
178 1145 308 1192 mortem
330 1123 456 1190 opimos
475 1129 549 1206 post
571 1128 703 1188 mortem
718 1128 776 1189 aot
792 1171 800 1188 .
818 1172 825 1187 .
843 1172 851 1189 .
869 1123 901 1189 ..²
915 1123 1033 1193 Reotos
1048 1147 1113 1194 esse
1128 1129 1269 1212 10111110,

17 1211 36 1344 t

111 1227 158 1292 ubi
184 1247 316 1310 prorsus
347 1231 385 1294 ut
416 1227 523 1294 altere
555 1225 627 1294 loeo
649 1225 859 1298 Varroniano
890 1230 992 1299 dordr·
1022 1234 1058 1297 et
1081 1235 1271 1302 concedendi
1337 1243 1338 1247 ’

31 1413 37 1455 b
112 1335 202 1402 uerba
224 1333 407 1418 promiscue
430 1332 542 1416 posite
563 1333 719 1418 leguntur
745 1332 779 1414 ¹).

31 1460 35 1503 Ι

186 1449 262 1510 esto
291 1442 350 1508 IX
379 1446 418 1507 17
449 1449 512 1510 esto
539 1443 578 1509 e'rr
609 1463 743 1509 oestrum
769 1441 850 1509 serbe
877 1443 945 1511 atio
971 1466 1035 1511 ooo.
1064 1468 1134 1515 reor
1159 1448 1271 1516 bebere

109 1552 306 1633 umtmeott,
337 1551 405 1617 ute'e
434 1551 472 1616 de
495 1550 629 1634 obbe'peds
656 1550 811 1634 aliquem
834 1546 892 1614 afr.
925 1547 1163 1633 Reiahenhart‚
1186 1551 1266 1618 Aet.

111 1653 182 1720 Sem.
205 1654 273 1720 Erl.
299 1655 350 1725 IV
373 1675 405 1736 p.
431 1660 505 1719 506.

185 1763 319 1830 tottere
340 1760 399 1828 IX
423 1766 464 1824 53
496 1762 631 1830 tottouto
655 1755 717 1848 [sie
740 1759 813 1843 Sp.;
845 1763 963 1832 tolieret
984 1759 1074 1850 libri]
1104 1788 1168 1834 esse
1190 1788 1269 1834 aaa
1406 1762 1409 1766 ’

110 1869 213 1954 toptos;
240 1867 333 1934 ouius
363 1884 442 1935 usus
470 1866 558 1934 haud
590 1865 687 1933 dubie
709 1885 843 1950 prorsus
866 1866 1045 1954 singularis
1072 1870 1271 1938 mentionem

108 1990 163 2040 nou
184 1974 255 2042 ieri
277 1973 374 2042 video
395 1973 432 2040 in
454 1972 547 2040 libris
572 1973 612 2040 de
636 1979 711 2040 arte
733 1973 962 2058 grammatica.

187 2082 263 2149 Non
292 2080 344 2148 ita
374 2099 474 2164 saepe
502 2079 696 2148 crediderim
725 2080 867 2148 inveniri
901 2081 1129 2150 accusativum
1159 2102 1186 2149 o.
1210 2083 1267 2149 inf.

108 2204 169 2253 eum
189 2191 436 2258 describendi
458 2189 559 2256 verbo
576 2188 797 2268 coniunctum
817 2186 943 2272 legitur
959 2189 990 2256 V
1008 2195 1048 2252 22
1073 2241 1079 2254 .
1097 2241 1104 2256 .
1121 2193 1269 2276 adeoque

107 2297 257 2364 beodeee'ro
285 2297 482 2366 Tabularum
509 2298 697 2382 interpretes
719 2297 883 2364 ambitos
905 2298 1075 2381 portetis
1097 2298 1270 2365 otrear'tom

107 2423 161 2470 esse
186 2404 385 2487 desotboat·
407 2419 506 2468 unum
528 2401 634 2468 locum
658 2398 871 2483 Ouidianum,
895 2418 994 2466 unum
1017 2400 1120 2469 Gellii
1141 2401 1269 2485 profert

107 2504 285 2591 Foreellini3
309 2513 487 2592 praeterea
510 2512 625 2574 exstat
648 2505 724 2574 Seu.
749 2506 906 2575 controv.
930 2508 950 2573 I
974 2514 1004 2592 2,
1032 2515 1081 2573 17.

183 2614 308 2699 Quibus
339 2615 450 2684 verbis
478 2615 598 2681 addam
627 2638 705 2685 ruore
732 2617 863 2684 debito
893 2614 979 2694 quod
1006 2615 1114 2685 Varro
1146 2615 1267 2696 aliique

106 2720 271 2805 scriptores
299 2721 403 2789 etiam
431 2741 503 2788 eum
531 2740 600 2788 aee.
630 2741 658 2788 e.
687 2720 744 2788 ini.
775 2720 992 2805 coniungunt,
1027 2726 1107 2788 tune
1137 2722 1267 2790 scilieet

111 2843 213 2898 „werin
236 2828 289 2895 die
312 2828 444 2911 phrasis
459 2828 634 2896 dubitandi
649 2831 719 2896 ersi
734 2828 819 2894 nach
836 2828 908 2893 dem
923 2827 1153 2896 Inhaltssatze
1168 2826 1265 2911 folgt,

106 2931 166 2999 also
192 2935 250 3002 der
273 2933 495 3002 Sehreibende
526 2934 580 3001 bei
607 2935 666 3001 der
689 2933 837 3018 Setzung
864 2933 922 2999 des
945 2933 1027 3001 Aee.
1059 2953 1087 3000 a.
1111 2933 1176 3000 Ius.
1204 2952 1267 3000 nur

104 3033 141 3101 im
162 3040 378 3124 eligemeinen
400 3041 455 3108 ein
471 3041 616 3112 Verbum
638 3040 812 3124 sentiendi,
830 3041 911 3108 aber
924 3040 1018 3109 nieht
1033 3041 1094 3107 das
1110 3041 1266 3123 speeielle

107 3167 183 3216 „ooo
215 3152 341 3218 dobit0“
374 3148 419 3214 im
450 3147 551 3216 Sinne
581 3148 662 3214 hat“
697 3147 863 3234 (Sehmalz
892 3147 949 3230 Sy.
978 3146 998 3234 ξ
1030 3152 1093 3210 226
1122 3151 1191 3214 not.
1224 3152 1266 3228 3).

103 3248 182 3318 Hine
210 3255 318 3325 Varro
345 3255 418 3325 VH
448 3259 508 3319 107
534 3256 642 3325 Metita
668 3257 755 3342 oprtet
776 3263 887 3342 poetas
913 3257 1038 3335 retteoo
1067 3278 1132 3323 esse
1161 3258 1263 3339 verbo,

18 3409 19 3414 κ
102 3379 226 3440 proram
247 3364 389 3449 oripr'rees
406 3363 536 3442 possint
557 3363 633 3446 etot,
656 3385 725 3431 reore
748 3364 872 3445 11111110,
894 3360 954 3428 sed
976 3359 1033 3426 IX
1058 3365 1099 3424 32
1123 3363 1265 3446 werdere

16 3523 21 3579 i,
101 3470 286 3536 perdebito
308 3470 390 3548 pote
412 3470 686 3537 animadverteris.

179 3573 282 3643 Verbi
303 3573 532 3654 impersonalis
556 3573 641 3654 quod
664 3577 717 3639 est
739 3576 887 3642 seitr’oet
912 3571 937 3652 ⁹)
960 3571 1126 3656 propriam
1140 3570 1208 3640 vim
1223 3590 1264 3638 ae

103 3676 256 3746 notionem
279 3678 510 3746 oblitteratam
533 3679 674 3746 nondum
697 3679 800 3746 fuisse
816 3679 904 3763 apud
919 3680 1112 3755 Varronem,
1135 3678 1263 3747 intelie-

101 3779 181 3862 gitur
202 3803 240 3852 ex
262 3785 335 3854 loco
357 3786 416 3853 HI
440 3793 470 3869 9,
495 3791 515 3850 4
538 3789 594 3872 pret
617 3794 734 3874 spectet
755 3793 793 3856 ot
815 3788 1071 3857 orottbobosoe'ore
1085 3789 1264 3876 perfeetum

101 3957 299 3973 Ἢ-

180 4083 200 4153 1)
218 4083 274 4141 Ofr.
299 4085 415 4140 Kiihuer
443 4102 470 4155 p.
496 4087 582 4144 8061.
624 4086 669 4142 Sia
696 4086 780 4143 etiarn
805 4085 965 4154 Lueretius,
993 4085 1043 4141 eir.
1066 4083 1260 4152 Reiehenhurt,

102 4165 154 4223 det.
173 4172 241 4230 Sem.
260 4173 319 4230 Idri.
338 4173 378 4228 lV
396 4174 457 4230 103.

179 4259 200 4329 ²)
219 4260 280 4328 Quo
304 4262 439 4319 vobabulo
457 4263 612 4320 Varronem
630 4278 711 4319 usum
730 4280 791 4321 esse
810 4279 865 4318 nen
883 4259 973 4316 videri
996 4258 1099 4314 iniuria
1117 4257 1260 4314 eonoeudit

101 4339 209 4416 Spengel
227 4349 315 4418 praef.
334 4367 361 4420 p.
374 4350 486 4408 dxvii.
519 4353 601 4408 Certe
620 4367 673 4408 rer.
692 4359 762 4408 rust.
781 4352 799 4407 l.
818 4350 836 4408 l.
856 4351 890 4406 de
909 4347 1048 4417 scripture
1066 4346 1177 4402 dubium
1196 4362 1257 4402 esse

12 4477 13 4490 2
100 4435 187 4500 nequit
204 4438 255 4508 (sie
274 4437 336 4494 lieet
352 4438 446 4508 Polie,
464 4439 567 4495 seilicet
586 4439 643 4495 eod.
662 4439 746 4510 Pau).
