3070 4828
741 241 962 299 ..gg-

263 414 374 484 verbis
391 433 456 482 non
479 432 554 480 raro
571 414 761 481 sollemnem
777 412 921 479 ordinem
941 412 1085 493 reliquit,
1110 413 1143 479 id
1158 412 1309 480 nimirum
1333 431 1442 497 agens

264 527 303 590 ut
326 522 389 588 duo
404 520 464 588 illa
487 520 618 587 nomina
635 539 770 602 quorum
790 520 932 586 alterum
955 538 997 586 ex
1013 522 1119 586 altero
1135 519 1294 604 originem
1318 520 1443 586 ducere

266 627 418 712 legentes
441 627 558 694 edocet
583 644 679 708 quam
702 627 848 709 proxime
870 626 961 693 inter
983 645 1019 693 se
1043 631 1198 710 apponat.

351 735 473 815 Itaque
503 733 557 805 VI
590 738 628 795 15
661 750 733 800 cum
760 733 895 817 legatur
925 734 1113 802 Fordicidia
1143 736 1295 821 asardis
1326 734 1439 802 dadas.

262 842 330 909 Bos
352 843 447 928 forda
470 861 551 924 quae
573 843 638 927 feei
665 843 703 910 irc
726 849 834 909 uenire
856 860 921 906 non
948 839 1092 906 sufficiet
1124 841 1303 906 adnotasse
1327 839 1442 906 adiec-

262 947 369 1015 tivum
397 965 427 1027 q.
458 964 486 1011 e.
515 949 629 1033 fadus
659 943 712 1011 hic
742 945 941 1012 antecedere
969 944 1092 1013 nomini
1121 945 1342 1030 substantivo,
1366 945 1441 1012 illic

262 1052 365 1135 sequi,
389 1052 449 1119 sed
470 1052 545 1135 ipsa
568 1051 737 1119 sententia
760 1053 1004 1135 postulabatur,
1033 1057 1071 1119 ut
1098 1052 1133 1118 in
1160 1053 1269 1136 priore
1292 1054 1440 1119 membro

261 1159 465 1229 avocabulo
488 1179 519 1242 q.
544 1179 571 1226 c.
595 1161 794 1236 Fordicidia,
824 1158 858 1224 in
883 1160 989 1225 altero
1017 1178 1038 1225 a
1061 1163 1188 1247 ferendi
1211 1159 1312 1227 verbo
1336 1177 1439 1240 quam

260 1266 393 1334 minimo
416 1265 593 1333 intervallo
617 1265 770 1332 distaret.
808 1265 935 1330 Eadem
959 1266 999 1331 dc
1023 1284 1125 1333 causa
1147 1266 1186 1332 H
1211 1272 1239 1348 1,
1266 1271 1304 1329 11
1329 1271 1440 1336 omnis

255 1377 415 1464 pecuniae
432 1397 531 1460 pecus
545 1376 796 1460 summentium
818 1370 993 1455 genetivus
1010 1372 1174 1439 anomine
1198 1390 1295 1454 equo
1310 1373 1438 1454 pendet

261 1485 436 1565 separatus
453 1482 514 1545 est.
543 1477 704 1546 Similiter
718 1478 806 1550 V15
828 1480 867 1547 ab
892 1502 926 1547 co
949 1502 1000 1547 res
1022 1481 1124 1549 dictae
1150 1482 1264 1549 dulice
1290 1503 1440 1566 ereperae

261 1587 461 1656 adiectirum
483 1588 620 1655 dubiae
642 1589 818 1668 propterea
841 1583 1038 1652 avocabulo
1060 1609 1121 1654 ree
1136 1583 1306 1653 divellitur
1328 1589 1366 1650 ut
1391 1585 1437 1652 ad

260 1713 373 1764 vocem
397 1715 573 1778 ereperue
596 1691 716 1774 apponi
739 1691 856 1774 possit.
896 1689 977 1758 Oum
994 1693 1107 1756 autem
1129 1696 1302 1772 utrumque
1322 1691 1435 1757 adiec-

261 1801 368 1868 tivum
385 1802 565 1882 prematur,
590 1797 662 1865 duri
678 1797 804 1878 aliquid
826 1797 859 1863 in
877 1815 1024 1862 sermone
1039 1795 1129 1864 inest
1149 1797 1220 1880 (scd
1244 1796 1363 1863 efficax
1381 1803 1437 1864 est

262 1909 347 1972 haec
369 1905 444 1987 ipsa
467 1903 629 1986 durities),
658 1923 729 1971 cum
753 1904 786 1969 in
810 1903 975 1986 perpolita
991 1903 1175 1970 elocutione
1197 1904 1248 1970 ita
1271 1904 1437 1972 vocabula

260 2010 389 2093 disponi
420 2011 561 2087 soleant,
595 2015 632 2076 ut
662 2015 765 2080 atoma
795 2010 879 2076 benc
910 2008 1058 2092 dispersa
1087 2011 1155 2076 sint
1182 2029 1242 2093 per
1269 2010 1436 2079 vocabula

261 2138 333 2186 cum
368 2136 447 2185 sono
481 2118 713 2200 pronuntiata3
750 2115 808 2184 cfr.
845 2115 1126 2200 Seyffert-Miller
1160 2118 1203 2183 ad
1234 2116 1302 2184 (lic.
1335 2115 1433 2183 Lael.

259 2246 291 2308 p.
317 2229 358 2288 49
383 2223 487 2314 etc.1).

349 2329 415 2398 Sed
430 2331 513 2396 haec
536 2348 643 2412 pauca
659 2332 737 2397 sunt
753 2348 795 2396 ex
808 2330 895 2396 nube
911 2329 1131 2412 exemplorum
1153 2348 1236 2412 quae
1251 2328 1434 2396 ostendunt

259 2440 463 2518 quantopere
475 2437 646 2504 verborum
661 2435 835 2504 collocatio
846 2435 1079 2519 perspicuitati
1087 2435 1247 2503 orationis
1255 2435 1431 2505 inserviet.

796 2629 815 2717 p
841 2637 891 2694 52.

348 2754 437 2822 Nam
458 2753 493 2820 in
516 2773 638 2838 graeca
659 2755 774 2839 lingua
802 2759 838 2822 et
865 2754 899 2820 in
926 2754 1034 2821 latina
1062 2773 1135 2821 cum
1158 2755 1329 2824 uerborum
1352 2755 1432 2822 ordo

258 2881 322 2930 non
346 2865 416 2927 tam
440 2860 778 2945 angustislimitibus
806 2861 960 2928 definitus
989 2862 1034 2928 sit
1058 2878 1156 2941 quam
1178 2860 1284 2928 ineis
1307 2860 1431 2946 linguis

258 2968 375 3051 quibus
402 2966 498 3034 huius
528 2966 655 3033 aetatis
682 2968 794 3050 populi
819 2974 966 3048 utuntur,
995 2972 1109 3034 tamen
1138 3003 1179 3014 -
1208 2986 1251 3033 an
1285 2967 1430 3034 dicemus
1514 2991 1515 3022 l

257 3075 397 3141 rectius:
422 3079 558 3157 propter
584 3074 670 3138 hanc
693 3073 799 3154 ipsam
823 3093 958 3142 causam
987 3074 1072 3155 quod
1099 3073 1134 3139 in
1161 3072 1228 3140 illis
1256 3073 1334 3140 ordo
1356 3091 1429 3141 ver·

257 3183 372 3248 borum
400 3181 508 3265 magis
537 3179 772 3262 exscriptoris
797 3179 936 3246 arbitrio
964 3180 1087 3264 pendet
1114 3198 1212 3260 quam
1236 3179 1429 3263 exlegibus

256 3307 318 3356 usu
346 3287 508 3354 communi
538 3285 742 3353 sancitis-
775 3287 858 3353 haec
888 3286 1028 3352 libertas
1058 3303 1116 3368 pro
1147 3304 1274 3352 summa
1301 3286 1429 3354 virtute
1513 3289 1514 3349 l

257 3393 407 3460 ducenda
431 3398 492 3460 est.
530 3394 667 3460 Mutata
691 3392 776 3459 enim
798 3395 971 3460 verborum
988 3390 1206 3459 collocatione
1230 3391 1333 3459 etiam
1356 3411 1429 3459 sen·

256 3499 403 3566 tentiam
426 3499 537 3580 paullo
559 3498 727 3565 immutari
749 3517 845 3581 posse
870 3500 1034 3584 (mutatur
1057 3498 1126 3566 scil.
1151 3497 1203 3566 vis
1226 3498 1429 3583 singularum

350 3676 372 3742 ¹)
392 3673 452 3728 Non
475 3673 564 3728 minus
588 3672 762 3743 perspicuum
787 3677 831 3727 est
855 3689 904 3728 cur
928 3674 954 3727 ll
979 3675 1022 3743 3,5
1045 3691 1095 3743 pro
1121 3673 1215 3728 ordine
1246 3675 1428 3743 grammatico

256 3776 334 3814 nemo
354 3777 442 3815 sunus
461 3761 513 3829 (sic
532 3762 603 3816 enim
622 3762 682 3818 fere
701 3775 808 3830 semper
826 3760 935 3830 Cicero,
959 3763 1009 3817 cir.
1029 3763 1168 3832 Mergueti
1185 3762 1303 3832 lexicon)
1322 3769 1428 3819 contra-

258 3849 331 3904 rium
350 3849 472 3903 ordinem
490 3850 615 3917 posuerit
633 3867 736 3923 capras
760 3867 847 3905 sanas
870 3867 957 3905 santes
981 3869 1060 3906 nemo
1078 3852 1219 3923 promittit.
1256 3851 1334 3906 Talis
1357 3852 1428 3906 enim

256 3937 327 3992 lusio
346 3936 375 3991 in
394 3936 517 3992 ciusdem
535 3939 580 3994 vel
599 3938 697 3994 similis
721 3937 823 3993 radicis
847 3939 989 3995 uocabulis
1014 3939 1084 3996 bene
1108 3955 1169 3994 cum
1187 3938 1319 3995 Varronis
1336 3939 1428 3995 indole

259 4026 397 4095 congruit,
416 4024 465 4081 cir.
486 4041 508 4080 e.
523 4041 550 4096 g.
571 4029 583 4078 1
603 4029 665 4094 37,4
683 4026 770 4081 videt.
782 4069 787 4082 .
798 4026 899 4081 dolium
918 4043 951 4082 cc
963 4028 1082 4083 modium
1096 4027 1237 4097 (similiter
1248 4043 1299 4082 noa
1313 4027 1426 4097 „Kistcn

254 4114 310 4169 und
327 4113 477 4184 Kasten“);
496 4113 539 4167 Ill
559 4116 617 4179 all
637 4113 705 4184 quid
728 4116 799 4169 enim
818 4117 906 4187 referi
928 4121 1018 4171 atum
1031 4120 1152 4188 propter
1170 4133 1234 4171 oves
1252 4133 1289 4170 an
1308 4121 1425 4187 prepter

256 4218 321 4256 eves
336 4204 449 4273 fruetur
473 4202 588 4273 capies?
610 4201 695 4256 multa
721 4203 783 4257 alia.
820 4204 881 4259 Non
904 4219 968 4259 raro
993 4220 1059 4260 sane
1083 4204 1205 4260 eiusdem
1225 4203 1321 4272 stirpis
1344 4219 1425 4259 noces

254 4305 309 4344 non
328 4289 441 4345 consilio
461 4291 509 4344 sed
527 4289 706 4360 neglegentia
725 4290 862 4357 repetitae
882 4298 954 4359 sunt,
973 4293 1052 4348 velut
1070 4294 1083 4346 I
1102 4293 1165 4359 ana
1184 4293 1307 4363 primam
1332 4309 1365 4347 ac
1383 4309 1424 4347 se-

255 4376 372 4430 cundum
392 4417 397 4429 .
418 4418 425 4433 .
444 4417 451 4431 .
471 4378 634 4448 relinquere,
659 4376 780 4446 reliquos
804 4378 960 4450 decerpere,
992 4399 1027 4435 ne
1051 4380 1153 4437 relictis
1178 4379 1281 4436 colibus
1305 4387 1372 4451 etc.;
1398 4381 1424 4434 11

255 4463 299 4529 7,9
318 4463 492 4534 (adducere);
510 4465 578 4521 Vlll
596 4467 631 4521 39
668 4465 768 4536 (sepas)
787 4473 839 4523 etc.
