3070 4828
705 139 922 202 ..36-

226 313 368 384 nominis
390 310 628 381 nominativum
643 309 820 378 subaudire
835 312 991 392 oporteat
1005 309 1041 376 in
1055 308 1239 393 posteriore
1254 311 1403 378 membro

222 421 342 502 Ι17,2
370 422 459 506 iique
485 442 564 505 quos
592 421 772 488 obcerurr'os
798 421 904 487 uestri
932 420 1116 486 vocitarunt
1138 425 1167 486 et
1190 419 1285 486 etiem
1307 440 1406 488 uuuc

223 535 302 596 suut
323 529 362 596 iu
383 527 466 596 Asia
488 530 552 592 etc.
578 523 636 609 (ad
658 542 753 605 quem
776 524 882 590 locum
906 522 964 588 cfr.
989 521 1079 588 Keil.
1105 525 1232 606 comm.)
1255 527 1290 589 et
1314 524 1333 589 Ι
1357 529 1402 588 30

225 654 306 715 cuce
330 634 485 718 ...ficri
510 634 687 718 oportuerit
714 639 743 700 et
769 653 838 700 ποπ
865 639 943 700 suut
968 632 1121 700 obsolute.
1168 627 1263 714 Quod
1285 634 1404 698 eutem

225 739 262 804 X
289 744 328 803 73
352 740 468 808 Primo
492 775 535 788 -
558 736 629 803 scil.
658 736 786 818 species
815 770 858 788 --
882 745 928 806 eet
954 761 1019 824 pua
1045 741 1100 806 usi
1126 739 1256 823 cutipui
1283 746 1313 806 ct
1338 761 1405 808 uos

224 848 414 932 reliquimus
437 843 481 910 ad
504 843 645 910 alterum
670 844 805 910 verbnm
827 841 956 908 finitum
979 861 1020 909 ex
1043 842 1185 912 ablativi
1203 843 1310 910 torma
1324 861 1404 925 pro-

224 951 364 1017 nominis
387 949 523 1018 relativi
546 949 746 1032 supplendus
771 953 824 1016 est
849 949 1075 1033 accusativus,
1104 949 1225 1018 similia
1248 949 1406 1032 exempla

224 1076 290 1124 non
312 1077 388 1124 raro
412 1057 625 1125 inveniuntur
648 1055 735 1139 apud
758 1056 947 1139 scriptores.

314 1163 370 1231 Ad
386 1163 589 1230 sententiam
606 1163 901 1231 demonstrativam
914 1162 1108 1245 quibusdam
1123 1163 1206 1230 locis
1221 1165 1406 1246 propterea

224 1270 339 1338 debuit
363 1269 505 1351 scriptor
527 1269 673 1336 transire
696 1287 738 1336 ex
761 1269 929 1337 enuntiati
950 1268 1086 1337 relativi
1105 1273 1286 1352 structure,
1310 1269 1407 1350 quod

225 1395 298 1443 oum
313 1375 391 1443 bins
407 1375 583 1442 enuntIato
599 1375 774 1458 particulis
790 1376 1000 1444 correlativis
1017 1382 1131 1461 (et-et-;
1153 1375 1406 1463 oeque-oeque)

225 1483 378 1550 intereo
407 1481 645 1560 coniunxisset,
677 1482 712 1548 in
740 1483 850 1550 altera
877 1483 1068 1552 sententies
1098 1485 1197 1566 purte
1223 1501 1408 1564 pronomen

225 1590 404 1658 relativum
427 1588 516 1656 nullo
538 1589 666 1656 omnino
682 1589 777 1656 modo
792 1608 913 1674 ponere
928 1589 1048 1674 potnit,
1072 1589 1103 1658 si
1118 1589 1248 1671 quidem
1264 1589 1408 1658 volebat

224 1700 427 1764 structuram
450 1695 737 1777 impeditissimam
759 1696 890 1766 evitare
908 1697 945 1783 ¹).
1384 1725 1386 1728 ·

313 1803 334 1870 Ι
360 1809 432 1879 13,5
456 1805 652 1890 Aedificiuru
668 1858 675 1873 .
694 1857 701 1872 .
720 1857 727 1872 .
745 1829 784 1874 eu
806 1827 877 1874 uuc
893 1807 985 1890 porti
1004 1813 1150 1889 opertum
1165 1813 1194 1874 et
1208 1808 1244 1874 iot
1259 1807 1296 1873 ch
1311 1827 1405 1890 crea,

225 1931 297 1996 quo
327 1918 356 1979 et
386 1912 426 1980 iu
457 1913 611 1980 trituram
639 1934 797 1998 proruere
831 1914 927 1998 facite
956 1914 1062 1997 possis
1094 1921 1123 1981 et
1147 1964 1153 1979 .
1180 1957 1187 1972 ·
1213 1962 1221 1977 .
1245 1915 1333 1980 iude
1362 1921 1409 1980 ut

226 2041 345 2088 retroue
380 2020 522 2088 celeriter
551 2019 686 2104 reicere·
719 2017 739 2082 Ι
772 2023 843 2095 16,1
877 2016 927 2100 (Si
957 2015 1068 2084 vicina
1098 2017 1190 2101 regIo
1220 2017 1301 2084 talis
1331 2017 1408 2100 est)

226 2149 297 2212 quo
319 2148 422 2212 uepue
443 2128 572 2212 fructus
594 2131 722 2194 uestros
745 2133 912 2212 exportare
935 2127 1080 2211 impediat
1095 2146 1196 2212 ruptae
1215 2127 1305 2195 iude
1318 2148 1408 2210 ptrue

227 2256 306 2320 opus
329 2240 408 2304 suut
429 2235 608 2319 adportare.
653 2231 803 2315 Utroque
826 2231 897 2299 loco
921 2250 963 2297 ex
985 2229 1127 2299 relativo
1152 2256 1226 2318 puo
1256 2229 1407 2298 transire

228 2337 376 2406 videmus
400 2338 595 2420 scriptorem
618 2337 662 2403 ad
685 2336 861 2404 demonstr.
885 2339 994 2407 iude.

317 2442 489 2511 Simillime
511 2444 550 2510 II
573 2448 648 2526 4,12
672 2461 744 2509 curn
767 2443 942 2510 enuntiato
956 2441 1101 2512 relativo
1124 2441 1279 2510 bifariam
1294 2441 1408 2511 diviso

227 2549 279 2617 uti
302 2547 455 2632 voluerit,
480 2554 593 2616 tamen
616 2567 689 2615 cum
712 2554 886 2632 utramque
908 2555 1038 2632 partem
1054 2549 1279 2618 coniunxisset
1297 2550 1409 2634 porti-

228 2655 311 2723 culis
333 2679 403 2726 uou
424 2657 527 2725 solum
543 2708 551 2723 .
570 2709 576 2723 .
593 2658 647 2725 sut
669 2659 787 2726 aiau.
806 2709 824 2742 .,
849 2660 1056 2724 astructura
1074 2655 1233 2723 incohata
1247 2657 1408 2724 recedere

229 2767 364 2830 coactus
394 2761 429 2827 in
456 2761 564 2828 altero
592 2763 735 2830 membro
759 2763 803 2829 ad
824 2763 1080 2847 propositionem
1103 2762 1407 2831 demonstrativam

229 2867 392 2952 coniugit3
423 2891 512 2938 suern
541 2891 636 2954 quoe
660 2922 667 2938 .
693 2922 701 2938 .
724 2893 793 2942 uou
822 2874 913 2940 ruodo
943 2893 1074 2959 surpere
1104 2893 1174 2940 uou
1196 2879 1317 2958 posset,
1347 2873 1409 2938 sed

229 2979 325 3047 eticru
346 2984 384 3044 ut
405 2978 445 3046 iu
467 2978 550 3046 eius
572 2999 700 3063 corpore
721 2999 839 3048 eorem·
859 2980 999 3048 -uicluue
1020 2979 1154 3065 fecisset.

231 3221 303 3291 quod
327 3221 398 3276 hanc
423 3225 592 3278 structuram
619 3221 662 3277 ite
685 3225 794 3277 tantum
819 3220 986 3290 admittunt,
1011 3228 1043 3278 ut
1065 3223 1171 3279 formos
1195 3221 1350 3278 accusativi
1373 3228 1408 3278 et

229 3309 394 3368 nominativi
410 3326 492 3380 peres
516 3309 590 3366 inter
614 3326 645 3367 se
663 3309 733 3381 eint3
753 3311 929 3379 quomobrem
946 3326 1000 3368 uon
1018 3321 1169 3382 usurpetur
1186 3311 1241 3368 nisi
1257 3311 1287 3367 in
1306 3311 1406 3367 formis

229 3401 343 3472 generis
362 3401 488 3456 neutrius
506 3401 599 3472 (quod,
617 3403 709 3472 puae).
745 3400 824 3458 Hane
836 3402 928 3472 legem
947 3417 982 3458 ne
1001 3401 1154 3458 aVarrone
1168 3401 1276 3470 quidem
1288 3399 1405 3472 neglegi

227 3490 354 3559 exemplo
372 3490 481 3559 prolata
499 3489 697 3547 demonstrant.

302 3579 324 3648 ²)
343 3578 414 3633 Nam
436 3579 532 3635 brevia
547 3579 692 3635 enuntiato
713 3578 832 3636 relativo
851 3580 950 3648 (neque
968 3578 1088 3636 relstiva
1104 3583 1227 3647 tontum,
1247 3578 1296 3635 sed
1313 3577 1404 3634 cuius·

228 3664 270 3722 vis
300 3666 411 3735 generis
439 3667 584 3723 enuntiata
611 3667 785 3738 secundarie)
814 3667 961 3738 particulis
995 3666 1169 3724 correlativis
1199 3667 1241 3723 ita
1272 3667 1404 3738 coniungi

233 3760 360 3823 possunt,
378 3759 411 3809 ut
428 3755 566 3823 particula
584 3756 750 3814 correlative
768 3756 797 3810 in
815 3757 907 3826 priora
919 3756 1040 3812 membro
1054 3761 1187 3824 sequatur
1198 3771 1346 3826 pronomen
1359 3771 1403 3813 re·

227 3841 361 3909 lativum,
385 3841 414 3897 in
438 3842 527 3899 altero
551 3844 707 3901 antecedat.
744 3845 830 3902 Velut
857 3843 962 3916 legitur
985 3845 1059 3913 117,
1081 3846 1114 3900 10
1139 3845 1283 3902 uidendum
1301 3862 1336 3900 uc
1354 3851 1406 3900 out

228 3931 354 3988 laborent
374 3930 533 4003 plusculum
551 3938 601 3987 aut
622 3950 657 3988 uc
671 3934 788 4007 sripidis
807 3935 874 3992 locis
892 3935 962 4000 stou
980 3935 1023 3988 III
1041 3937 1072 4004 7,
1091 3936 1108 3988 t
1132 3934 1206 3990 uude
1224 3939 1250 3989 ct
1268 3934 1359 3991 bibere
1377 3940 1406 3990 et

228 4021 276 4076 ubi
298 4020 389 4076 lavari
408 4020 532 4094 porsina
554 4020 624 4078 VIII
643 4026 658 4076 2
677 4023 752 4095 quod
769 4029 833 4080 ct..
852 4029 880 4078 et
896 4023 989 4095 quod.
1004 4043 1027 4088 .;
1045 4022 1084 4078 IX
1102 4025 1119 4080 Ἰ
1137 4039 1188 4080 cur
1206 4040 1262 4078 non
1279 4022 1360 4092 modo
1374 4063 1402 4081 ..

229 4109 281 4166 red
298 4110 378 4166 ctiam
396 4125 447 4166 cur
460 4149 466 4164 .
481 4148 509 4166 ..
546 4110 650 4168 Eadem
668 4111 814 4167 verborum
833 4111 1014 4170 collocatIone
1032 4112 1118 4168 etiam
1137 4111 1232 4169 Cicero
1251 4111 1353 4180 utitor,
1372 4113 1402 4168 in

229 4195 357 4267 epistulis
376 4198 563 4268 potissimum,
584 4199 634 4256 cfr.
653 4199 689 4256 ad
706 4199 766 4256 Ate.
790 4201 804 4254 I
829 4201 858 4268 t,
877 4203 896 4256 4
914 4200 1038 4270 (αοοίἀίί,
1056 4205 1130 4256 utet
1147 4201 1317 4256 concutiens
1334 4199 1403 4258 niati

229 4301 302 4425 {rpus
321 4294 394 4345 essct
411 4292 438 4343 et
454 4292 485 4342 ut
501 4304 551 4360 epo
569 4287 678 4344 mallem
697 4291 763 4360 etc.)
783 4293 812 4346 et
830 4289 894 4346 vide
906 4289 1056 4346 Hofmanni
1074 4295 1168 4345 notam
1186 4289 1215 4344 in
1234 4290 1300 4348 edit.
1320 4291 1401 4360 epist.

261 4389 288 4442 p.
307 4374 350 4428 63.
