3070 4828
696 139 893 196 ..3-

298 306 452 389 Denique
481 307 600 374 omisso
623 327 655 377 v.
680 333 745 378 esse
771 308 896 393 legitur
918 309 970 380 VI
996 315 1034 372 18
1067 334 1136 381 uou
1165 314 1264 380 roulto
1295 315 1380 380 eolre

204 423 279 503 post
308 418 362 484 lu'o
391 417 459 485 lies
489 439 586 502 quoru
615 419 757 486 decessus
785 419 952 486 Gallorum
979 441 1019 486 eu
1044 421 1130 487 urbe.
1177 415 1380 485 Aduerbium

207 529 279 609 post
302 520 417 588 Oioero
440 539 504 587 uno
535 521 720 587 orationum
742 522 814 589 loeo
837 540 910 588 oum
939 523 1041 594 verbo
1071 521 1283 590 substantivo
1307 541 1379 589 oon·

209 625 319 693 iunxit
361 630 461 709 atquo
502 645 543 694 no
586 645 624 694 eo
654 627 785 710 quidem
819 629 995 712 temporali
1024 628 1158 697 notione
1189 628 1248 697 sod
1282 629 1380 696 locali

211 731 283 821 (qul
299 741 373 821 post
395 741 489 804 eraut
510 732 623 801 Milon.
649 731 716 819 29).

763 911 829 994 μ.

300 1032 353 1099 De
388 1033 508 1102 omisso
542 1033 735 1116 praedicato
772 1053 857 1117 queo
892 1036 934 1101 ab
966 1033 1151 1101 Sohmalzio
1187 1033 1282 1118 synt.
1315 1035 1332 1119 ᾗ
1362 1042 1380 1099 8
1487 1079 1488 1082 ,

212 1139 426 1218 adnotantur,
458 1140 493 1207 in
524 1139 572 1206 eis
603 1141 711 1211 Varro
741 1159 807 1208 non
833 1141 932 1208 valdo
956 1159 976 1206 a
1001 1143 1184 1208 ceterorum
1212 1147 1383 1210 auctorum

211 1264 273 1311 usu
303 1245 440 1312 resedit.
486 1245 628 1312 Dicendi
658 1247 762 1313 verba
792 1264 857 1312 non
887 1265 964 1312 roro
986 1245 1038 1314 ito
1061 1246 1197 1326 omittit,
1229 1250 1268 1313 ut
1299 1247 1383 1314 haee

212 1351 409 1418 transeundi
431 1351 571 1418 formula
594 1350 744 1436 legatur:

531 1461 621 1529 Haeo
641 1462 703 1528 lu'e.
727 1461 772 1528 At
794 1461 830 1543 Q.
853 1461 1021 1529 Iauoleuus
1045 1459 1097 1541 (II
1114 1458 1182 1544 5,1)
1209 1479 1211 1484 ·

531 1568 621 1636 Haeo
642 1569 703 1636 lu'e.
727 1568 772 1635 At
795 1569 948 1636 Murrius
972 1566 1031 1648 (Π,
1058 1565 1125 1649 6,1)

531 1675 597 1740 Hle
618 1676 703 1743 loeo.
727 1674 772 1741 At
793 1675 908 1760 Scrofa
933 1671 966 1757 (I
990 1671 1080 1757 22‚6)

532 1781 601 1848 Nos
622 1782 705 1849 loeo.
728 1781 773 1848 At
794 1782 946 1866 strepitus
970 1779 1040 1860 (ΙΙΙ
1066 1780 1173 1860 17,10)

303 1884 604 1966 ofr.1111‚121ut
626 1887 692 1970 hoo,
717 1907 819 1972 raeque
841 1888 879 1954 ab
902 1889 960 1953 llos
982 1889 1046 1950 eto.

306 1991 472 2061 Sermonis
489 1990 649 2057 cotidiani
663 1991 899 2076 neglegentiae
922 1991 1005 2057 hooc
1029 2009 1155 2072 quoquo
1172 1989 1383 2058 conveniunt:
1523 2057 1524 2082 ἲ

168 2087 173 2092 ’
302 2100 390 2174 Ι2,1
417 2101 504 2182 Qur'ol
525 2123 580 2168 ros
601 2099 677 2167 lu‘e?

302 2207 411 2282 12,11
436 2206 500 2274 Illl
521 2208 647 2274 luterea
669 2207 712 2274 acl
733 2227 793 2274 uos

215 2311 419 2394 quibuscum
433 2309 544 2378 verbis
561 2309 619 2376 ofr.
633 2310 692 2376 HI
707 2315 802 2382 talo
819 2306 877 2394 (At
888 2311 1040 2396 strepitus
1051 2311 1090 2377 ab
1105 2311 1218 2377 deutra
1234 2317 1262 2377 et
1277 2310 1386 2378 caull-

213 2422 309 2490 datus
331 2427 439 2488 uouer
456 2469 462 2481 .
481 2463 514 2482 ·.
539 2419 578 2486 lu
600 2419 718 2486 ullam.
742 2417 809 2484 Ille
830 2419 907 2486 lrule
930 2419 1010 2486 eudo
1033 2439 1127 2485 suam
1148 2417 1277 2484 domum
1299 2413 1383 2499 eto.)

215 2529 251 2592 et
273 2524 387 2592 Kiihn.
422 2544 453 2606 p.
481 2528 608 2605 1046‚7.

304 2631 324 2698 Ι
349 2636 422 2714 20,3
439 2628 482 2696 in.
508 2632 594 2712 Quos
616 2631 659 2698 acl
680 2635 826 2696 vecturas
849 2627 934 2710 (soil.
960 2625 1097 2713 erueris).

305 2737 345 2804 11
371 2742 443 2819 1‚23
467 2737 550 2804 Itoru
572 2738 623 2806 al·
637 2737 718 2804 allos
739 2737 863 2803 morbos
885 2736 970 2804 ullae
992 2757 1117 2805 causae.
1523 2799 1524 2810 2

304 2843 338 2914 v
363 2849 402 2906 29
432 2844 556 2912 aueo
573 2895 580 2910 .
595 2891 622 2908 ..
642 2843 728 2912 aaa
748 2844 831 2911 <uo
852 2837 1048 2918 tesauro
1064 2843 1212 2927 uernum,
1236 2849 1282 2926 a,
1307 2843 1390 2926 quoe
1523 2833 1524 2916 ζ

217 2953 324 3020 orltou
347 2973 387 3019 ero
409 2951 553 3035 Samala,
583 2951 762 3018 Volturnus
784 2949 870 3016 ulloll
893 2951 935 3015 aol
958 2950 1095 3016 latluaru
1118 2951 1272 3035 lr'uyuaur.
1523 2969 1524 2990 ³

308 3057 341 3126 V
373 3062 413 3120 32
450 3079 586 3142 quorum
616 3059 773 3144 eareararu
802 3056 977 3140 loruqlueru
1010 3077 1050 3121 eoo
1083 3076 1155 3122 aere
1188 3055 1390 3140 Pythayoras
1523 3079 1524 3140 ᾗ

225 3165 361 3234 Tareutr'
384 3163 440 3246 (so.
463 3159 563 3250 feor’l).
1022 3182 1025 3188 ’

308 3268 361 3335 VI
384 3275 425 3334 20
450 3272 533 3355 quocl
556 3277 625 3336 ture
641 3320 648 3336 .
667 3320 674 3336 .
693 3319 700 3336 .
717 3271 755 3337 ab
782 3267 997 3335 saeerclolr'bus
1020 3267 1090 3334 lurlr'
1112 3266 1163 3334 llll
1186 3268 1301 3351 qulbus
1324 3266 1388 3332 eu.
1523 3239 1524 3252 ἵ

308 3375 361 3446 Ἦ
385 3380 427 3438 40
451 3378 597 3461 equibus
619 3382 657 3444 ut
678 3376 750 3444 atui
772 3397 853 3460 quae
870 3375 1066 3461 poterimus·

220 3482 327 3548 multo
350 3480 425 3568 alio·
439 3499 526 3564 quoe
549 3499 614 3548 non
637 3499 799 3548 enumero.
1062 3503 1064 3509 ·

308 3586 385 3653 Non
408 3589 522 3654 tamon
545 3586 626 3654 lioot
650 3605 705 3654 eos
728 3586 818 3654 looos
841 3586 905 3651 huo
927 3585 1052 3653 referre
1076 3584 1193 3667 quibus
1215 3583 1302 3665 quod
1317 3601 1389 3651 vor-

220 3695 297 3760 bum
320 3691 579 3760 subaudiendum
607 3693 663 3775 sit,
696 3711 738 3760 ex
768 3691 837 3758 ulia
868 3691 1014 3758 eiusdem
1035 3689 1270 3774 propositionis
1292 3692 1391 3772 parte

222 3799 376 3884 cognosci
390 3803 513 3883 potest,
537 3799 734 3884 velut17‚7
760 3849 791 3862 ..
813 3805 916 3868 suut
938 3821 1019 3884 quoe
1040 3821 1110 3868 uou
1126 3806 1267 3885 possuut
1288 3800 1392 3866 oluere

220 3911 290 3978 ulso‘
306 3960 314 3976 .
333 3953 340 3968 ·
359 3959 366 3974 .
385 3959 392 3976 .
408 3909 448 3977 lu
469 3909 565 3992 roarr',
589 3914 627 3976 ut
641 3909 796 3976 sorllr‘t
815 3906 1055 3992 Theophrastus
1071 3907 1200 3993 palmas
1215 3913 1244 3974 et
1258 3906 1392 3994 squillas

223 4010 387 4102 [squillam
409 4009 492 4100 aad]

774 4121 792 4205 ᾗ
810 4125 839 4184 3.

313 4241 460 4325 oopulae
482 4261 562 4313 vero
585 4242 693 4327 ollipoi
720 4245 758 4310 ut
782 4241 870 4326 opud
892 4247 1021 4310 eeteros
1049 4245 1203 4311 auctores
1227 4242 1275 4309 sio
1306 4240 1393 4324 opud

224 4349 410 4421 Varronem
444 4388 487 4398 —
521 4349 719 4435 praesertim
748 4350 783 4418 in
814 4349 862 4417 eis
892 4349 1049 4418 librorum
1080 4349 1120 4416 de
1149 4349 1172 4416 l.
1195 4349 1217 4416 l.
1241 4349 1393 4432 partibus
