3070 4828
745 182 967 241 ..66-

812 352 908 440 549.

360 460 451 528 Nota
474 465 528 528 eet
558 461 709 530 brevitas
732 461 768 527 in
789 478 851 528 usu
873 460 1059 545 particulae
1082 486 1213 549 quom3
1243 461 1303 528 cfr.
1326 462 1370 528 11
1395 468 1448 536 4,4
1501 521 1502 526 ,

271 569 422 652 eipotiue
437 591 477 637 em
489 569 542 636 ute
554 569 630 636 locis
640 571 696 637 ubi
710 575 895 636 moscumtur
910 570 1033 654 umpiue
1044 567 1446 654 quomfintelligendum:
1501 557 1502 644 ᾖ

275 690 316 738 ex
338 671 381 740 iis
405 673 460 740 ubi
482 677 677 755 nascuntur)
701 676 808 759 saites,
830 678 978 762 poraris3
1001 673 1083 741 itam
1104 674 1174 745 Vl
1198 673 1255 741 ubi
1277 673 1312 741 in
1334 674 1448 757 priore
1501 661 1502 756 ξ

270 780 413 847 membro
448 779 594 864 integra,
628 779 664 845 in
686 780 794 846 altero
822 779 954 847 brevior
984 783 1154 847 structura
1185 780 1325 864 legitmz
1361 790 1447 850 recto
1501 823 1502 856 2

269 909 347 955 cusu
377 911 450 956 cum
479 888 616 956 dicimus
638 888 750 974 Impos,
783 889 948 956 obscurius
978 895 1023 957 est
1046 912 1111 957 esse
1137 912 1159 956 u
1177 890 1323 974 potentio
1347 911 1447 973 quom
1501 923 1502 986 r

269 1017 342 1062 cum
363 996 501 1063 dicimus
522 995 686 1080 Ιπροίεφνι,Ι
708 1002 737 1062 et
760 1017 793 1062 eo
817 997 982 1063 obscurius
999 996 1054 1080 fit,
1085 998 1116 1062 si
1137 997 1227 1063 dicos
1248 995 1314 1062 Pos
1347 1017 1445 1079 queam

270 1100 381 1181 lupos.
430 1099 548 1166 Paullo
571 1099 673 1166 aliter
694 1099 734 1166 H
757 1104 850 1183 2,19=
878 1103 996 1170 burum
1019 1099 1076 1187 (=
1100 1100 1208 1170 ovium
1239 1099 1444 1184 pellitarnm)
1501 1171 1502 1180 χ

263 1209 433 1292 praesepio
462 1229 500 1276 oo
527 1209 651 1275 stolmio
673 1214 710 1274 ut
732 1209 800 1276 siut
816 1230 915 1293 puro,
946 1211 1100 1277 umiorem
1129 1209 1279 1277 adhiberet
1308 1210 1445 1295 diliqem·

269 1315 348 1381 tium
372 1334 468 1396 qurum
490 1314 618 1382 hirtis.
810 1399 830 1488 ξ
1501 1335 1502 1355 ¹

855 1408 906 1466 50.

360 1527 519 1593 Extrenm
542 1525 577 1592 in
599 1526 661 1592 hoc
684 1525 797 1608 eapite
820 1526 892 1593 loco
915 1545 1022 1610 pauca
1054 1526 1174 1594 addam
1204 1528 1246 1595 de
1269 1547 1310 1594 ea
1332 1527 1442 1596 brevi·

268 1632 353 1700 tatis
376 1633 482 1700 forme
505 1651 589 1715 qnae
613 1633 775 1716 appellari
798 1634 884 1702 solet
907 1652 1054 1718 zeugma,
1078 1652 1176 1717 quam
1208 1635 1296 1718 apud
1318 1637 1442 1706 Varro·
1501 1619 1502 1680 3

267 1759 343 1806 nem
373 1758 438 1806 non
469 1758 544 1805 raro
574 1739 716 1807 inveniri
746 1758 811 1805 non
835 1739 1034 1822 mirabimur,
1070 1759 1141 1807 cum
1176 1760 1219 1807 ne
1254 1741 1285 1808 ei
1308 1741 1439 1822 quidem
1501 1763 1502 1808 r

267 1849 422 1913 auctores
444 1863 518 1911 eam
542 1844 745 1912 evitaverint
768 1845 824 1926 qui
847 1865 972 1912 summa
995 1865 1068 1912 cum
1084 1846 1259 1932 diligentie
1282 1847 1440 1914 elocutio·

267 1970 340 2020 nem
364 1951 621 2035 persolverunt,
646 1950 704 2016 cir.
729 1949 869 2018 Ktihner
891 1971 921 2034 p.
950 1957 1100 2028 loturo.
1501 1937 1502 2014 j

358 2060 476 2142 lare
507 2061 621 2127 uilicus
645 2110 652 2126 .
678 2105 684 2120 .
709 2060 887 2144 appellatus
916 2083 937 2128 o
967 2061 1044 2127 oilie
1075 2063 1158 2143 quod
1191 2061 1229 2128 ob
1252 2083 1286 2128 eo
1308 2063 1349 2128 iu
1372 2083 1438 2128 eom
1501 2075 1502 2120 3

267 2168 491 2237 eouoebumtur
513 2169 641 2252 fructus
672 2174 701 2234 et
723 2167 902 2234 eoebuutur
926 2164 1010 2252 (scil.
1036 2184 1078 2231 ex
1101 2164 1155 2252 ee)
1179 2189 1251 2234 oum
1278 2173 1437 2248 oeueuut;
1501 2169 1502 2184 ¹

268 2273 283 2336 Ι
311 2279 383 2350 16,6
408 2272 464 2355 qui
486 2273 578 2339 locus
601 2290 673 2338 cum
698 2271 888 2353 ceteroquin
911 2271 1095 2338 simillimus
1119 2271 1176 2355 sit,
1200 2290 1241 2337 ee
1262 2291 1299 2337 re
1326 2269 1436 2338 differt
1501 2287 1502 2302 ¹

268 2378 355 2460 quod
376 2397 441 2446 non
457 2379 491 2445 in
506 2379 688 2460 posteriore
705 2377 811 2445 sedin
828 2379 1049 2444 antecedente
1069 2378 1212 2444 membro
1229 2376 1294 2443 loci
1312 2376 1435 2443 mentio

269 2484 492 2553 desideratur:
525 2489 555 2554 si
582 2489 652 2555 moe
679 2495 757 2555 suut
780 2539 787 2554 .
814 2539 820 2553 .
847 2539 853 2553 .
878 2493 936 2555 out
959 2487 1108 2570 flumiuo
1135 2487 1337 2571 proprioque
1363 2537 1370 2552 .
1396 2534 1434 2550 ..
1501 2530 1502 2572 u

265 2595 380 2679 quidm
412 2594 556 2677 utrisque
589 2595 682 2662 rebus
713 2594 799 2662 esebi
829 2601 923 2677 utque
954 2593 1062 2661 iuoebi
1093 2594 1135 2660 od
1168 2593 1271 2660 oculto
1298 2591 1435 2671 praedio
1501 2607 1502 2672 j

266 2704 386 2771 seimus
421 2734 463 2746 -
498 2697 542 2763 ad
573 2701 658 2767 eoebi
680 2697 834 2766 subaudi:
870 2716 912 2764 ex
934 2697 1093 2781 praediie3
1128 2698 1187 2764 HI
1212 2703 1264 2780 3‚6
1289 2699 1434 2768 emamus

263 2810 366 2878 tribus
388 2807 441 2875 his
453 2807 623 2892 qemeridus
638 2813 716 2873 sumt
731 2807 801 2873 bimi
812 2806 946 2891 orosius,
970 2807 1151 2890 superiores
1166 2828 1245 2890 quos
1259 2807 1434 2892 fruqolitos

264 2916 412 2996 emtique,
437 2913 610 2998 iuferiores
633 2934 710 2997 quos
734 2913 869 2980 iuuurr‘o
885 2915 1045 3002 posterior
1067 2912 1219 2980 adiecit.
1266 2911 1341 2977 Hoc
1365 2907 1432 2976 adi·
1501 2925 1502 2958 r

264 3017 373 3084 ciendi
395 3018 530 3085 verbum
554 3015 594 3081 de
618 3016 724 3081 altero
749 3015 858 3082 solnm¹
875 3017 1019 3082 membro
1042 3026 1134 3082 recte
1158 3015 1288 3083 dicitur.

355 3124 407 3190 Ex
435 3123 535 3190 verbo
567 3121 658 3188 cuius
689 3120 780 3187 notio
811 3121 895 3189 eatis
931 3121 1084 3206 angustis
1114 3121 1276 3189 limitibus
1305 3120 1432 3189 incluse
1501 3102 1502 3152 ³

262 3235 325 3308 est,
361 3230 395 3297 in
426 3231 533 3296 altero
565 3225 739 3294 enuntiato
769 3226 875 3294 simile
898 3229 1043 3305 verbum,
1080 3228 1240 3310 ampliore
1262 3232 1376 3294 tamen
1399 3224 1431 3294 vi

261 3337 459 3422 praeditum,
484 3334 654 3402 subaudiri
682 3335 1092 3422 oportet117,29rooio
1123 3337 1190 3403 loco
1221 3337 1338 3404 utilius
1368 3355 1430 3403 esse
1501 3329 1502 3424 l

260 3447 494 3516 mercemmoriis
528 3447 650 3512 colere
685 3466 781 3528 quom
811 3445 925 3527 seroie,
961 3450 990 3510 et
1023 3444 1062 3510 iu
1096 3443 1276 3510 salubribus
1309 3461 1429 3525 quoque
1501 3455 1502 3494 ³

261 3554 337 3620 locis
353 3573 465 3638 opero
480 3552 605 3618 rustico
619 3551 744 3617 maiora
759 3547 844 3632 (scil.
862 3546 999 3626 facere);
1024 3545 1082 3611 cfr.
1098 3546 1241 3613 Kithner
1254 3566 1285 3629 p.
1301 3550 1426 3628 loeus.

262 3655 388 3724 Similis
412 3655 562 3723 brevitas
586 3654 762 3738 conspicua
786 3657 839 3720 est
861 3654 976 3737 120,2
1001 3661 1069 3722 tum
1092 3657 1140 3723 ito
1162 3655 1371 3741 sudioeudum
1393 3659 1427 3720 ut

260 3765 448 3834 minutatim
467 3764 690 3850 adsuefaciunt
713 3769 742 3830 et
763 3769 800 3830 ut
821 3764 959 3830 tiromem
981 3784 1053 3828 eum
1075 3769 1223 3829 oetermo
1246 3763 1425 3847 odiumqout

128 3857 132 3872 ⁸
261 3919 300 3940 ..
327 3922 334 3937 .
359 3869 551 3955 etprimum
584 3870 623 3936 iu
645 3891 744 3952 aequo
779 3870 843 3936 loco
877 3875 907 3936 et
936 3870 1007 3938 sime
1036 3875 1157 3952 orotro,
1192 3875 1262 3936 tum
1295 3890 1329 3935 eo
1357 3866 1423 3947 leci,

254 3977 421 4064 primicie
441 3995 501 4060 per
522 3975 678 4042 heremum
700 3982 758 4044 out
779 3976 954 4043 molliorem
976 3982 1113 4057 terrum·
1140 3971 1198 4039 III
1223 3979 1241 4035 8
1265 3972 1352 4038 med:
1375 3975 1423 4039 iu-

255 4084 375 4168 simum
398 4083 543 4149 ordimem
567 4086 685 4165 oportet
707 4082 810 4148 obesse
832 4087 963 4150 o‘terru
992 4101 1062 4148 mom
1087 4081 1203 4148 miuus
1233 4087 1297 4148 tres
1321 4081 1422 4166 pedes,

258 4191 345 4257 iuter
367 4191 506 4273 reliquos
529 4189 700 4255 dodrantes
723 4183 806 4269 (scil.
830 4185 994 4252 interesse
1019 4187 1174 4268 oportet).

349 4293 403 4357 Ex
436 4291 658 4375 praecedente
692 4290 792 4356 verbo
827 4291 985 4375 negativo
1020 4289 1202 4375 supplenda
1242 4293 1295 4356 eet
1333 4285 1422 4358 verbi

258 4395 518 4495 notionpositiva
541 4400 560 4465 Ι
586 4401 658 4478 12,3
689 4396 911 4480 Vitoudum,
946 4399 1062 4480 iuquit,
1098 4422 1140 4468 ue
1173 4400 1212 4467 im
1242 4421 1295 4467 eos
1316 4403 1422 4485 portes
