3070 4828
762 183 988 243 ..40-

285 357 404 442 obstat
422 357 544 424 omissa
560 359 640 423 ante
656 375 832 439 pronomen
848 355 1026 424 relativum
1041 355 1252 439 praepositio,
1270 356 1328 424 cfr.
1345 357 1455 425 Madv.
1515 389 1516 422 ι

287 462 331 530 ad
354 463 421 532 (lic.
447 463 488 531 de
511 463 583 530 Fin.
608 464 628 529 I
651 463 736 548 49¹).
1515 547 1516 552 ἵ

373 571 499 638 Prioris
530 568 746 636 attractionis
777 587 882 654 genus
908 607 946 618 -
972 570 1016 635 ad
1047 569 1109 635 hoc
1139 569 1225 637 eninr
1255 568 1322 636 iam
1350 574 1457 636 trans·
1515 599 1516 662 3

291 676 431 745 eundum
458 713 511 760 -,
544 676 630 758 quod
661 676 748 759 apud
775 675 901 758 priscos
925 681 1043 758 poetas
1071 695 1134 743 non
1157 695 1233 743 raro
1262 676 1405 743 occurrit
1420 675 1458 762 ἓ),

276 799 328 848 ex
357 782 523 865 pedestris
546 783 705 849 sermonis
729 783 946 864 scriptoribus
969 802 1033 849 non
1057 783 1140 848 adeo
1163 783 1276 850 multis
1299 783 1458 866 exemplis
1515 789 1516 861 ζ

285 888 450 956 illustrari
484 893 612 974 potest,
649 908 843 972 quamquam
877 890 1045 972 Ktihner,
1068 889 1123 971 qui
1157 909 1189 970 p.
1223 895 1342 972 847,10
1373 891 1459 956 hanc

284 998 488 1062 structuram
521 995 556 1063 in
579 1015 728 1062 sermone
750 995 900 1079 pedestri
922 1014 1060 1076 usquam
1082 995 1224 1063 inveniri
1246 1000 1366 1080 negat,
1394 995 1459 1062 sibi
1515 1007 1516 1046 1

282 1100 355 1184 ipse
375 1101 562 1185 obloquitur
575 1103 655 1169 duos
667 1103 756 1169 locos
770 1101 974 1176 Catonianos
986 1100 1191 1186 proferens⁸)
1203 1123 1234 1185 p.
1251 1104 1356 1182 eceb)
1369 1104 1404 1168 et
1416 1104 1457 1184 e).
1515 1109 1516 1192 g

379 1209 541 1279 Varronis
557 1213 668 1276 antem
683 1207 788 1291 ipsius
804 1227 931 1290 quoque
945 1226 1052 1292 pauca
1068 1207 1296 1275 tantummodo
1308 1206 1458 1291 exempla
1515 1225 1516 1300 3

1515 1387 1516 1427 ι

373 1473 395 1544 ¹)
413 1471 512 1528 Utram
536 1473 659 1540 sequeris
682 1471 954 1542 interpretationem,
979 1472 1076 1527 eadem
1099 1470 1182 1527 Gellii
1206 1471 1298 1527 verbis
1323 1472 1348 1542 (I
1366 1473 1459 1542 25,16)
1515 1463 1516 1532 ζ

281 1561 375 1618 afferri
395 1561 507 1618 debebit
525 1561 561 1616 ad
578 1561 712 1617 Varronis
730 1562 820 1616 locum
838 1562 960 1630 proxime
980 1560 1181 1628 accedentibus,
1202 1577 1271 1629 qnae
1291 1577 1308 1615 a
1326 1561 1457 1616 Kiihnero
1515 1555 1516 1620 ἶ

279 1667 305 1720 p.
327 1653 380 1706 847
398 1651 560 1706 laudantur:
579 1649 689 1705 Idcirco
708 1667 747 1706 ccc
764 1651 807 1706 tis
825 1651 924 1722 quibus
943 1650 1005 1705 dixi
1022 1649 1232 1722 coadaequari
1246 1666 1300 1721 per
1318 1650 1457 1720 quendam

280 1741 378 1795 coitum
397 1745 423 1795 ct
440 1739 567 1810 copulam
585 1756 684 1794 acmen
701 1739 871 1794 indutiarum
890 1755 1026 1794 conexum
1052 1744 1101 1794 cst.
1121 1768 1154 1778 -
1173 1738 1291 1807 Propter
1315 1739 1458 1808 praeposi·

280 1828 384 1883 tionem
406 1832 473 1883 ante
498 1843 648 1897 pronomen
670 1827 820 1885 relativum
843 1844 898 1883 non
916 1827 1066 1896 repetitam
1085 1827 1134 1882 etr.
1155 1826 1226 1882 Keil.
1247 1827 1282 1881 ad
1300 1826 1314 1879 Ι
1332 1827 1396 1894 40,6
1417 1843 1456 1881 ex
1515 1839 1516 1894 ι

280 1916 381 1971 arbore
399 1933 455 1987 quc
474 1915 648 1972 ratihabere
665 1915 812 1971 sarculum.
1515 1901 1516 1934 ¹

241 2034 266 2048 -·
370 2005 392 2078 ¹)
412 2004 553 2074 Originem
572 2012 729 2060 structurae
748 2005 893 2061 ostendere
913 2005 937 2060 si
956 2019 1024 2073 opus
1043 2010 1093 2072 est,
1112 2007 1231 2074 apparet
1249 2020 1282 2060 ex
1296 2003 1381 2074 prisci
1394 2006 1458 2060 vul·
1515 2003 1516 2070 l

278 2095 409 2166 genisque
435 2094 582 2149 sermonis·
596 2093 775 2164 simplicitate
799 2109 859 2149 eam
884 2094 1035 2150 ducendam
1065 2108 1133 2148 esse.
1172 2091 1239 2146 (lum
1263 2092 1336 2148 enim
1364 2108 1457 2149 sermo

277 2188 439 2240 versaretur
456 2183 485 2237 in
504 2182 709 2239 enuntiatorum
728 2181 826 2237 formis
849 2198 930 2251 qnam
953 2187 1065 2253 poterat
1088 2180 1313 2250 simplicissimis,
1338 2196 1391 2236 nec
1410 2183 1458 2237 ad·
1515 2209 1516 2250 1

280 2273 419 2330 saevisset
437 2271 596 2328 artificiosis
614 2271 760 2327 verborum
779 2270 1003 2326 conversionibus
1022 2271 1078 2326 uti:
1097 2269 1145 2324 ubi
1158 2270 1249 2338 paullo
1262 2267 1366 2325 maiore
1388 2286 1458 2340 opus
1515 2267 1516 2328 ι

278 2365 341 2416 erat
358 2361 464 2416 ambitu
475 2360 630 2429 verborum,
650 2359 780 2414 continuo
800 2374 902 2428 eorum,
923 2360 969 2428 qni
988 2357 1228 2426 colloquebantur,
1248 2357 1348 2413 mentis
1370 2360 1458 2428 acies,
1515 2349 1516 2426 l

277 2454 310 2503 nt
333 2447 373 2502 ita
398 2448 502 2515 dicam,
526 2463 581 2502 non
604 2447 760 2503 sufficiebat
784 2448 820 2502 ad
839 2448 913 2503 clare
933 2447 1130 2517 dispiciendam
1148 2446 1347 2516 propositionis
1366 2455 1459 2505 struc·
1515 2429 1516 2520 l

277 2545 368 2590 turam
394 2552 445 2592 nec
469 2536 545 2591 ultre
569 2539 694 2606 proximu
717 2552 840 2606 quaeque
862 2536 1019 2606 prospicere
1043 2537 1112 2592 satis
1129 2536 1249 2592 valebat.
1288 2537 1346 2590 lam
1365 2540 1459 2592 struc-

277 2629 368 2688 turae,
386 2625 420 2681 de
440 2641 494 2694 qua
513 2624 584 2693 dico,
603 2633 635 2680 ut
653 2627 731 2681 brevi
750 2626 969 2694 exemplantur,
995 2625 1068 2694 apud
1088 2625 1218 2680 Plautum
1235 2655 1272 2665 -
1289 2625 1361 2679 hunc
1381 2625 1457 2680 enim
1515 2621 1516 2698 l

277 2714 425 2770 maximnm
445 2715 631 2783 exemplorum
650 2729 794 2771 numerum
814 2713 942 2770 exhibere
961 2714 1055 2769 exeis
1075 2730 1145 2783 quse
1163 2713 1243 2769 modo
1262 2713 1319 2768 dixi
1333 2713 1459 2770 elucebit
1515 2719 1516 2766 3

281 2835 315 2846 -
334 2804 433 2873 Amph.
455 2805 535 2859 1009:
1515 2793 1516 2800 ἵ

352 2893 535 2948 Naucratem
554 2909 633 2964 quem
651 2894 796 2948 convenire
814 2892 898 2959 coici,
914 2893 944 2948 in
962 2892 1027 2946 navi
1043 2908 1099 2946 nort
1118 2896 1179 2946 crat

280 2981 430 3038 Naucratis
448 2998 547 3038 nomen
572 2996 632 3036 cum
656 2981 831 3051 pronuntiat,
854 2982 896 3036 ita
921 2981 1085 3037 obversatur
1108 2979 1198 3034 animo
1224 2979 1283 3034 eins
1311 2980 1358 3047 qni
1377 2981 1457 3049 dicit,
1515 2973 1516 3044 J

277 3074 311 3125 ut
339 3070 427 3125 solum
455 3087 515 3126 cum
542 3069 660 3140 proximi
690 3069 768 3125 verbi
798 3069 999 3140 (conveniendi)
1027 3068 1139 3124 notione
1172 3068 1313 3138 iungatur,
1344 3069 1457 3124 omnino
1515 3053 1516 3122 l

277 3173 331 3213 non
350 3157 490 3215 referatur
508 3161 543 3215 ad
562 3159 737 3215 enuntiatum
756 3157 917 3227 primarium
935 3157 1038 3216 msiore
1051 3156 1200 3213 intervallo
1214 3157 1328 3212 distans.
1359 3155 1456 3222 Quare
1515 3175 1516 3230 ς

276 3263 338 3302 cum
359 3247 547 3317 „Naucrates“
569 3279 601 3288 -
624 3247 648 3304 si
666 3247 812 3305 verborum
829 3263 884 3302 non
902 3248 1019 3302 formem
1039 3247 1088 3302 sed
1106 3244 1272 3302 sententiam
1292 3245 1454 3314 quaeris-
1515 3243 1516 3314 J

274 3336 411 3392 obiectum
431 3341 469 3392 ιιι
485 3336 566 3393 verbi
585 3335 774 3405 conveniendi,
792 3336 873 3393 huius
891 3335 1009 3391 nominis
1029 3351 1122 3390 casum
1136 3334 1326 3391 accusativum
1339 3333 1457 3404 scripsit
1515 3351 1516 3410 3

278 3433 363 3496 poeta
382 3442 435 3481 non
455 3441 554 3482 curans
574 3442 607 3481 ea
625 3426 710 3481 verba
730 3441 801 3495 quae
818 3434 882 3496 post
901 3431 1059 3493 sequnntur.
1515 3417 1516 3422 ’

363 3513 440 3580 Quod
461 3519 554 3570 antem
573 3515 602 3569 in
621 3531 723 3586 graeca
741 3514 838 3585 lingua
857 3515 952 3570 eadem
971 3518 1114 3568 structura
1126 3511 1233 3567 usitata
1247 3514 1298 3578 est,
1319 3525 1351 3564 ac
1364 3511 1458 3565 multo
1515 3505 1516 3566 l

274 3601 382 3669 quidem
406 3603 540 3658 usitatior
565 3618 645 3673 quam
670 3605 699 3659 in
717 3603 821 3672 latina,
845 3603 939 3659 Plauti
963 3602 1087 3670 exempla
1112 3610 1188 3656 certe
1205 3601 1300 3667 aliqua
1319 3613 1353 3653 ex
1370 3604 1457 3668 parte
1515 3611 1516 3654 1

272 3689 336 3745 inde
355 3690 491 3760 originem
511 3695 611 3749 ducere
633 3692 763 3750 contendi
781 3693 883 3762 possit;
902 3707 953 3747 uec
970 3700 1064 3746 tamen
1082 3690 1152 3744 hanc
1171 3689 1339 3744 sententiam
1358 3703 1456 3744 neces·
1515 3735 1516 3764 ι

272 3777 373 3835 seriem
393 3794 454 3834 esse
472 3779 536 3836 inde
556 3787 680 3850 apparet,
700 3782 772 3851 quod
797 3782 893 3838 eadem
918 3779 1026 3834 dicendi
1049 3777 1121 3834 ratio
1142 3777 1227 3835 etiem
1250 3777 1324 3846 apud
1348 3792 1399 3832 nos
1424 3777 1456 3833 in
1515 3815 1516 3818 ι

271 3867 366 3938 populi
385 3867 542 3925 elocutione
561 3886 615 3926 non
634 3887 697 3926 raro
716 3870 866 3928 invenitur.
903 3870 988 3922 Immo
1012 3867 1041 3922 in
1066 3883 1230 3936 unaquaque
1248 3864 1346 3936 lingua
1366 3881 1456 3923 cansa

273 3961 431 4013 structurae
450 3962 495 4012 est
514 3957 609 4014 eadem
627 3960 810 4029 neglegentia
828 3957 961 4016 sermonis
981 3957 1123 4012 cotidiani.

362 4047 383 4118 ³)
402 4063 467 4119 pag.
486 4047 540 4103 848
558 4046 585 4118 a)
611 4047 697 4103 etiam
715 4048 839 4103 Petronii
862 4049 952 4104 locum
970 4054 1003 4101 ut
1020 4047 1073 4101 hnc
1092 4045 1278 4115 pertinentem
1299 4044 1454 4114 exscripsit

271 4136 304 4191 de
324 4152 376 4204 quo
396 4153 462 4193 sene
483 4136 605 4192 dubitari
622 4142 723 4206 potest.
739 4137 906 4192 Blichelerus
925 4143 1000 4192 certe
1019 4135 1090 4205 (cap.
1111 4135 1163 4188 134
1181 4157 1216 4180 =
1233 4150 1297 4203 pag.
1314 4133 1384 4202 101,
1405 4133 1452 4205 B.)

272 4224 311 4280 sic
329 4225 516 4294 interpunxit:
540 4224 570 4292 0,
589 4226 683 4295 inquit,
707 4224 852 4290 Ocnotlrcc,
871 4223 943 4278 irinc
957 4224 1156 4279 adulescentem
1169 4239 1248 4293 quem
1266 4221 1358 4276 vider:
1375 4221 1451 4276 malo

271 4317 348 4367 crire
367 4319 449 4367 actus
468 4320 515 4370 est.
553 4313 667 4368 Rectius
686 4316 793 4379 tamen,
818 4318 851 4366 nt
872 4312 996 4382 videtur,
1019 4313 1109 4369 uuus.
1134 4326 1215 4379 quem
1233 4310 1317 4366 Biich.
1337 4309 1394 4365 Ciu
1414 4310 1452 4366 de

271 4399 297 4456 ιι.
317 4399 335 4454 l.
356 4398 442 4454 etism
461 4399 603 4471 Segebade
621 4398 650 4453 iu
669 4399 741 4454 Diss.
760 4397 822 4454 Hal.
841 4397 883 4454 IV
901 4400 953 4454 308
971 4416 997 4456 n.
1019 4403 1060 4456 tu.
