3070 4828
749 197 969 257 ..33-

268 369 549 438 commemoranda
580 369 662 436 sint:
701 373 809 453 Quare
840 373 995 456 quonium
1024 373 1130 440 amicti
1164 373 1321 459 fundum,
1352 391 1451 453 quem

267 483 344 549 baua
371 480 497 547 coleudo
523 481 727 564 fructuosum
755 502 826 546 oum
853 482 959 565 fucere
986 480 1077 562 uelis,
1105 501 1214 564 meque
1241 486 1279 546 ut
1300 481 1336 546 id
1363 481 1451 547 utba·

268 589 397 654 bulanu
420 609 516 654 curua
530 584 557 668 ¹)
587 609 687 672 copes,
722 588 881 671 experiar.
927 584 1004 650 Hac
1032 583 1066 650 in
1093 583 1248 650 librorum
1278 584 1449 667 scriptura
1521 591 1522 650 ¹

269 693 311 758 ab
342 692 580 775 interpretibus
611 710 676 758 non
708 692 809 757 semel
836 695 966 772 tempto
968 696 1098 757 taen
1095 690 1334 758 coniunctione
1363 717 1451 760 cum

268 799 336 885 (cui
348 818 431 881 quae
447 797 648 880 respondeat
665 797 817 880 apodosis
835 797 943 875 deest;
961 796 1030 864 alia
1046 798 1191 864 eiusdem
1208 798 1363 864 anacolut
1364 798 1448 865 hiae

268 907 418 988 exempla
450 904 585 989 collegit
570 904 703 971 tKeil
731 905 767 970 in
795 923 908 971 comm.
938 904 982 970 ad
1012 905 1043 970 h.
1068 904 1106 990 l)
1137 904 1222 971 duae
1253 903 1450 971 sententiae

267 1010 427 1097 pendent,
468 1031 528 1079 eae
566 1011 695 1079 scilicet
734 1030 871 1093 quarum
908 1012 1011 1080 verba
1048 1011 1145 1078 finita
1183 1015 1262 1078 sunt
1297 1014 1374 1081 uelis
1410 1015 1450 1078 et

267 1143 375 1207 rupea·
396 1119 574 1187 relativum
602 1138 675 1185 cum
703 1117 810 1200 priore
842 1122 974 1185 tantum
1004 1119 1147 1186 membro
1175 1117 1330 1202 coniungi
1351 1116 1448 1183 licet.

268 1228 344 1292 Iam
367 1230 572 1294 structuram
594 1225 784 1291 indubium
815 1243 936 1292 vocare
965 1243 1031 1292 non
1060 1225 1193 1294 videtur
1222 1223 1452 1292 necessarium

268 1350 350 1399 esse.
363 1329 388 1415 ¹)

359 1473 444 1540 Mire
468 1476 579 1540 autem
604 1475 775 1539 contortus
800 1476 853 1540 est
884 1472 938 1539 hic
970 1473 1114 1545 locusV
1140 1479 1201 1537 178
1227 1475 1318 1557 Quod
1339 1497 1451 1544 mauu
1524 1448 1525 1469 ¹

268 1586 391 1671 fuctum
419 1589 488 1650 erut
511 1589 540 1650 et
562 1584 673 1649 dutum
690 1604 753 1667 pro
777 1604 825 1665 eo,
856 1584 1097 1667 manupretium
1120 1579 1202 1658 (scil.
1228 1579 1457 1666 appellatur),¹

268 1688 324 1755 ubi
352 1686 443 1770 prius
476 1686 699 1764 enuntiatum,
728 1686 757 1752 si
787 1686 951 1753 rationem
975 1687 1218 1753 sententiarum
1242 1686 1446 1768 quaerimus,

271 1793 372 1860 alteri
388 1793 638 1861 subordinatum
655 1811 728 1859 esse
744 1794 925 1874 putandum
938 1797 1001 1871 est,
1019 1813 1090 1860 cum
1102 1794 1186 1860 haec
1199 1793 1244 1860 sit
1257 1793 1449 1860 sententia:

271 1901 532 1984 „manupretium
555 1904 697 1969 vocatur
720 1899 754 1965 id
777 1901 863 1981 quod
887 1901 1001 1967 datum
1025 1904 1078 1967 est
1100 1920 1159 1984 pro
1183 1919 1222 1966 eo
1243 1900 1327 1982 quod
1343 1919 1451 1966 manu

269 2008 395 2075 factum
426 2012 532 2075 erat“.
572 2005 791 2092 Quamobrem
822 2007 911 2074 haud
934 2007 1002 2074 scio
1026 2025 1069 2073 an
1094 2025 1229 2074 causam
1253 2010 1450 2074 structurae

268 2115 376 2183 minus
419 2117 576 2181 accurate
616 2112 841 2179 conformatae
880 2113 1071 2196 praebuerit
1109 2113 1230 2197 duplex
1266 2131 1451 2196 pronomen

269 2225 381 2309 quod,
410 2221 496 2302 quod
520 2239 594 2286 cum
617 2220 651 2286 in
674 2219 849 2287 enuntiato
871 2220 1003 2304 integro
1019 2239 1093 2287 esse
1110 2220 1271 2303 debuerit,
1295 2219 1329 2285 in
1344 2237 1450 2286 unum

269 2328 365 2409 quasi
388 2326 554 2393 confluxit.

358 2470 391 2540 V
416 2474 479 2532 118
504 2468 620 2534 similis
644 2469 858 2555 neglegentia
880 2468 916 2534 in
939 2469 1113 2537 enuntiato
1136 2469 1280 2538 relativo
1303 2468 1385 2536 item
1403 2489 1450 2538 ea

270 2594 306 2641 re
338 2572 458 2641 effecta
482 2579 534 2641 est
558 2576 643 2656 quod
666 2576 777 2646 Varro
801 2579 836 2642 et
859 2575 1036 2642 enuntiata
1059 2577 1205 2645 relativa
1228 2576 1341 2644 multis
1366 2575 1449 2644 aliis

272 2680 451 2755 structuris
479 2681 629 2762 praefert
657 2686 693 2748 et
721 2681 907 2749 sententias
938 2682 1049 2764 potins
1073 2682 1225 2768 adiungit
1249 2702 1346 2765 quam
1369 2685 1450 2750 sub-

269 2787 396 2872 iungit:
427 2790 543 2856 lbulla
565 2812 586 2858 u
608 2792 823 2858 similitudine
845 2799 951 2876 truce,
976 2813 1058 2876 puae
1080 2793 1164 2876 quod
1185 2814 1305 2879 ruupuu
1325 2798 1354 2858 at
1368 2793 1451 2860 bueo

270 2898 405 2980 pusilla,
430 2903 467 2964 ut
490 2898 605 2980 truolu
629 2899 714 2966 huuc
729 2898 845 2965 Graeci
867 2899 1001 2966 trullano.
1040 2897 1116 2963 Hoc
1136 2916 1208 2964 cum
1224 2898 1295 2963 loco
1310 2900 1451 2980 praeter

272 3002 292 3067 I
317 3008 365 3084 5,1
398 3027 470 3070 cuum
493 3005 558 3089 lopo
582 3005 677 3071 libros
706 3005 917 3088 lbeoparusa‘
939 3007 1115 3085 complures
1137 3008 1194 3091 qui
1216 3007 1449 3074 inscribuntur

270 3115 384 3185 φυτῶν
415 3111 550 3188 ἱστορίας
573 3112 608 3174 et
632 3107 730 3174 alteri
753 3116 894 3186 φυτικῶν
917 3113 1027 3173 αἰτίων
1051 3110 1153 3177 etiam
1176 3111 1230 3177 hic
1254 3115 1333 3193 apte
1356 3128 1446 3176 com·

270 3213 462 3297 parabitur:
487 3214 546 3282 HI
573 3220 645 3291 17‚3
662 3235 742 3296 quoe
757 3223 870 3287 nostro
880 3218 1013 3297 piscina
1029 3270 1036 3287 .
1055 3270 1061 3287 .
1081 3271 1088 3285 .
1106 3226 1187 3288 recte
1203 3221 1323 3286 dicitur
1337 3219 1447 3286 duleis

269 3331 299 3392 et
320 3325 379 3391 uu
401 3345 524 3392 cutura.

360 3551 382 3619 ¹)
407 3567 492 3605 curae
510 3550 599 3620 Lipsii
618 3552 805 3608 coniecturam
822 3557 934 3622 praeter
952 3552 1161 3610 Thialmannum
1179 3553 1293 3625 (Wblffl.
1314 3553 1394 3610 drab.
1414 3554 1448 3609 H

269 3639 315 3708 65)
339 3640 512 3694 commendat
537 3639 638 3695 Sitzler
673 3641 689 3695 I
711 3657 737 3710 p.
765 3644 798 3698 la
821 3647 877 3698 not.
903 3641 952 3696 cfr.
974 3641 1059 3697 etiam
1078 3642 1122 3698 Fr.
1142 3641 1219 3712 Burg
1236 3643 1280 3698 ‘do
1299 3642 1335 3696 li.
1356 3640 1448 3697 Caelii

269 3725 333 3782 Rufi
355 3742 457 3796 genere
490 3727 551 3784 dic.¹
578 3745 641 3799 pag.
671 3731 713 3786 21.
737 3760 772 3772 -
796 3730 861 3785 Cod.
881 3730 1045 3799 scripturam
1075 3744 1145 3799 quac
1175 3736 1220 3788 ast
1248 3747 1349 3786 curare
1379 3746 1448 3786 num

268 3818 346 3869 recte
365 3813 497 3868 defendat
515 3815 622 3871 Keilius
640 3815 744 3872 dubito.

361 3901 384 3973 ¹)
404 3901 436 3957 Si
455 3917 523 3971 opus
543 3909 618 3959 esset
642 3905 804 3973 mutatione,
830 3920 882 3976 ego
906 3920 1001 3962 vocem
1026 3922 1095 3961 cum
1118 3912 1183 3976 post
1204 3924 1230 3964 v.
1253 3907 1447 3979 fructuosum

270 3997 321 4048 aut
333 3992 415 4062 plane
428 3991 515 4047 deleri
528 3991 651 4048 iuberem
664 3999 713 4048 aut
727 3994 871 4064 transponi
882 3998 948 4049 ante
966 4010 992 4050 v.
1005 4010 1097 4064 rupes,
1115 3994 1157 4051 ita
1175 3996 1233 4052 scil.
1247 4002 1279 4051 ut
1290 4009 1443 4065 pronomen

269 4080 418 4137 relativum
442 4079 571 4137 similiter
594 4082 768 4151 exciperetur
789 4083 928 4153 particula
946 4099 1006 4137 cum
1025 4089 1108 4152 atque
1127 4085 1155 4138 Il
1172 4087 1235 4153 4‚12
1253 4086 1310 4140 scio
1328 4101 1371 4138 mc
1388 4085 1448 4139 issa

270 4173 419 4242 spectatum
443 4186 520 4224 suem
545 4187 630 4241 quaa
649 4211 655 4225 .
676 4213 682 4227 .
701 4188 757 4226 aon
779 4171 858 4226 modo
881 4188 997 4243 surpere
1022 4189 1077 4226 uon
1096 4179 1207 4244 posset,
1234 4173 1286 4228 sad
1307 4173 1387 4228 etium
1411 4179 1450 4227 ut

269 4257 299 4311 iu
322 4260 397 4313 eius
421 4274 539 4330 corpore
562 4275 650 4314 sorex
675 4299 681 4314 .
705 4299 712 4314 .
737 4260 831 4314 nidum
851 4260 966 4332 fecisset
989 4260 1126 4331 excipitur
1149 4261 1288 4331 particula
1314 4272 1359 4325 ut:
1390 4259 1448 4315 nisi

270 4343 345 4400 torte
364 4350 429 4400 tnnc
448 4347 539 4418 magia
557 4347 680 4417 placebit
697 4347 766 4404 hacc
784 4348 858 4404 inter
877 4364 907 4404 se
925 4349 1090 4420 coniungere
1115 4350 1244 4421 quonium
1268 4349 1357 4404 amisti
1376 4349 1446 4421 fun·

272 4432 337 4491 dum
354 4450 449 4506 meque
470 4452 530 4490 cum
548 4452 639 4508 rapas.
676 4436 729 4492 Sed
746 4436 816 4493 lrcec
832 4437 915 4494 nimis
933 4437 1024 4493 dubia.
