3070 4828
604 207 946 290 ’,90-

250 409 368 473 contra
391 404 584 474 vocabulum
608 409 777 474 dumtaxat
800 404 1058 487 coniungendam
1082 407 1156 470 erat
1181 422 1251 470 cum
1269 423 1307 471 eo
1324 423 1427 474 enun-

251 512 331 580 tiati
354 512 497 578 membro
520 530 582 593 quo
606 510 762 578 condicio·
777 510 944 595 generalis
968 510 1172 596 exprimitur,
1196 511 1328 580 minime
1352 530 1429 578 cum

249 619 399 702 quolibet
423 618 578 701 exemplo.
625 617 720 704 Quod
742 622 834 685 recte
858 635 1058 702 cognosceus
1075 616 1255 686 Schneider
1269 618 1430 686 Ursinum

251 730 385 795 secutas
416 726 479 794 bac
507 725 638 792 ratione
664 726 768 794 verba
799 724 989 792 constituit:
1020 777 1026 792 .
1052 775 1059 790 .
1083 728 1113 794 a'
1136 729 1275 796 eiusdem
1295 730 1430 814 pemeria

251 843 296 904 est
319 838 498 919 datmtaaat,
522 843 559 902 at
582 836 616 901 sa'
640 831 705 920 [sa't
729 830 813 920 cod]
837 841 974 916 atroam
995 836 1109 902 malae.
1160 832 1324 900 Attamen
1346 851 1431 900 nun·

251 958 348 1022 quam
379 940 546 1022 particula
576 943 745 1009 damtaaat
776 939 881 1023 (certe
908 958 969 1025 ego
999 939 1124 1007 nullum
1158 940 1264 1007 locum
1297 940 1428 1026 inveni)

251 1065 324 1114 cum
370 1046 545 1114 enuntiato
591 1045 809 1112 condicionali
854 1063 874 1111 a
913 1045 1141 1114 coniunctione
1179 1051 1209 1116 st
1245 1047 1430 1130 incipiente

250 1152 480 1238 coniungitur·
510 1153 631 1220 Potest
647 1153 708 1220 hoc
725 1151 817 1220 casui
833 1169 920 1218 mero
944 1151 1153 1219 tribuendum
1174 1171 1256 1236 esse,
1281 1153 1340 1221 sed
1355 1173 1432 1220 cum

251 1259 444 1344 saepissime
481 1259 673 1327 inveniatur
710 1262 880 1326 structura
919 1259 1091 1327 verborum
1119 1263 1288 1330 acuatacuat
1316 1270 1385 1330 at.
1411 1312 1430 1344 .,

251 1368 367 1434 eadem
391 1367 494 1435 verba
517 1366 620 1433 etiam
643 1367 705 1432 hoc
727 1366 798 1432 loco
822 1364 999 1432 coniuncta
1022 1364 1207 1446 relinquere
1228 1366 1430 1434 debebimus.

251 1475 372 1556 Itaque
401 1473 554 1564 quoniam
589 1477 757 1543 dumtaxat
794 1472 838 1538 ad
875 1474 979 1540 verba
1012 1472 1157 1556 proxime
1192 1473 1432 1540 antecedentia

251 1585 405 1663 spectare
428 1579 584 1655 vidimus,
616 1579 704 1646 haud
731 1578 800 1646 scio
829 1597 872 1645 an
900 1579 1009 1649 Varro
1042 1597 1081 1646 ea
1110 1597 1174 1661 qua
1197 1597 1299 1662 saepe
1322 1580 1432 1648 utitur

252 1685 468 1755 collocatione
497 1686 599 1754 etiam
629 1686 683 1753 bic
720 1690 879 1768 usurpato
914 1685 962 1751 sic
992 1684 1061 1752 iere
1090 1685 1260 1768 scripserit
1290 1690 1432 1758 etasdem

248 1796 377 1882 pemeria
410 1797 579 1864 damtaaat
613 1803 650 1862 at
685 1797 734 1862 stt.
785 1793 880 1878 Quod
907 1795 1019 1860 autem
1051 1792 1157 1860 malus
1185 1793 1326 1875 exempli
1355 1794 1430 1862 loco

252 1900 391 1968 affertur
424 1900 459 1968 id
492 1901 564 1968 fieri
594 1904 727 1984 poterat
761 1899 927 1982 particula
955 1909 998 1968 at
1025 1899 1096 1968 sive
1124 1900 1195 1966 sola
1219 1903 1270 1982 (at
1291 1909 1431 1988 ataaaae

251 2012 379 2094 matra),
408 2008 480 2078 sive
503 2026 575 2075 cum
598 2008 764 2092 particula
788 2011 822 2076 st
845 2007 1019 2075 coniuncta
1043 2013 1094 2089 (at
1105 2010 1135 2077 st
1146 2017 1283 2094 atrapae
1298 2011 1429 2092 malas).

253 2114 334 2183 Oum
359 2115 561 2184 excidissent
591 2117 653 2182 hae
682 2133 765 2197 quas
792 2113 943 2197 supplevi
972 2115 1110 2181 voculae
1133 2114 1236 2183 verba
1259 2117 1431 2186 damtaaat

252 2232 289 2293 at
310 2225 353 2293 stt
376 2224 552 2290 cohaerere
575 2225 781 2306 putabantur
804 2240 876 2287 cum
900 2221 948 2288 eis
972 2239 1057 2302 quae
1078 2220 1146 2287 iam
1161 2219 1310 2302 proxima
1326 2227 1428 2288 erant

252 2339 389 2414 atrapae
410 2334 525 2400 malas.
571 2330 701 2398 Deinde
724 2331 827 2397 verba
851 2332 880 2398 st
901 2333 936 2395 et
952 2337 997 2398 est
1011 2327 1139 2395 inserta
1156 2331 1233 2394 sunt
1249 2328 1293 2394 ad
1308 2327 1429 2396 vitium

252 2435 442 2503 tollendum.

777 2525 829 2595 VI
856 2530 905 2589 12.

340 2651 422 2719 Dies
444 2651 602 2737 Apoaales
635 2674 692 2737 pet·
725 2674 804 2735 qaas
838 2673 896 2718 rea
929 2652 966 2718 im
990 2651 1078 2736 repta
1105 2651 1237 2717 arietem
1274 2651 1427 2725 immolat,

254 2761 334 2826 atate·
356 2761 394 2826 ab
421 2753 546 2845 ‘Apono'
573 2781 606 2826 eo
630 2761 712 2842 qaod
746 2760 967 2844 iateraopatar
997 2779 1018 2825 a
1046 2758 1196 2842 priam'pc
1226 2758 1364 2825 maritatis
1399 2766 1430 2827 et

247 2868 400 2952 princeps
420 2867 526 2951 prepts
549 2865 742 2933 immolatam.

342 2968 469 3054 Quibus
492 2969 527 3036 in
549 2969 660 3036 verbis
684 2989 750 3052 qua
773 2970 904 3036 ratione
928 2969 1159 3055 interrogandi
1182 2969 1317 3038 verbum
1345 2973 1427 3052 apte

254 3077 414 3159 explicem
437 3094 502 3142 non
525 3076 630 3143 habeo
654 3075 683 3143 si
706 3075 740 3141 in
763 3076 863 3143 verbo
888 3076 973 3157 quod
1001 3075 1171 3142 antecedit
1194 3076 1305 3164 Apoae
1327 3094 1426 3144 voca-

254 3183 365 3250 bulum
397 3182 562 3252 Graecum
591 3178 678 3262 ἄγων
714 3181 876 3249 contineri
911 3200 982 3248 cum
1018 3182 1193 3266 Spengelio
1232 3181 1426 3266 putandum,

255 3289 347 3357 cuius
371 3289 562 3358 coniectura
585 3287 746 3359 vocabulo
769 3288 926 3372 principis
949 3288 1001 3355 bis
1025 3307 1097 3354 cum
1121 3306 1199 3355 sono
1215 3289 1323 3371 posito
1340 3307 1426 3354 com·

254 3395 440 3464 mendam.
487 3394 553 3463 Sed
575 3400 667 3464 recte
690 3395 853 3463 traditum
877 3414 950 3463 esse
974 3395 1202 3481 interrogandi
1232 3395 1366 3463 verbum
1390 3399 1426 3461 et

253 3491 367 3571 vocem
390 3504 500 3591 Apoae
534 3520 593 3586 pro
628 3502 823 3586 quaestione
847 3500 1072 3584 accipiendam
1107 3519 1181 3569 esse
1216 3500 1292 3568 inde
1316 3501 1426 3568 elucet

253 3609 339 3692 quod
374 3628 446 3677 cum
477 3609 620 3695 vulgata
653 3608 718 3676 loci
752 3608 1031 3691 interpretatione
1065 3613 1175 3692 (quam
1209 3607 1316 3674 secuti
1347 3617 1426 3676 sunt

254 3714 385 3781 Preller
411 3713 517 3782 ‘Rbm
548 3712 663 3800 Mytu?
693 3715 734 3782 Ι8
765 3722 841 3794 179;
867 3714 1065 3796 Marquardt
1093 3712 1200 3783 ‘Rom
1232 3713 1425 3782 Staatsver·

253 3817 357 3888 walt?
382 3821 455 3886 ΠΙ2
479 3823 543 3904 (ed.
567 3821 748 3908 Wissowa)
775 3828 854 3906 3233
879 3821 917 3890 0.
941 3822 1061 3888 Miller
1088 3822 1131 3888 ad
1153 3822 1291 3889 Festum
1314 3842 1342 3904 p.
1371 3821 1426 3908 10)

254 3925 422 3996 consentit
456 3925 595 3997 Ovidius
630 3928 738 4016 (Fast.
763 3930 783 3996 Ι
807 3935 868 3994 317
894 3932 986 4011 soa).
1030 3929 1067 3996 Is
1102 3927 1188 3996 enim
1223 3926 1426 4013 Agonalium
1527 4011 1528 4014 Ἴ

255 4052 373 4102 nomen
409 4031 553 4102 denteri
587 4034 691 4103 refert
715 4055 735 4103 a
758 4035 909 4105 ministro
945 4034 1001 4118 qui
1031 4059 1151 4124 semper
1181 4044 1297 4124 apulae
1324 4044 1424 4123 rapat,

254 4165 313 4212 aec
335 4143 404 4212 adst
427 4144 537 4211 iassae
560 4144 635 4230 apat.
682 4141 801 4228 (Quam
825 4161 906 4211 veru
929 4143 975 4211 sit
999 4142 1210 4227 etymologia,
1242 4161 1308 4210 non
1329 4140 1425 4208 huius

254 4247 318 4315 loci
342 4253 395 4315 est
418 4247 617 4316 examinare.
654 4249 748 4333 Quod
771 4254 883 4317 antem
906 4250 952 4316 Η.
976 4249 1105 4317 Jordan
1128 4249 1162 4317 in
1178 4249 1319 4316 Prelleri
1340 4246 1424 4314 libro

255 4355 278 4419 l.
301 4353 322 4418 l.
347 4353 397 4421 ait
421 4371 487 4422 non
513 4358 624 4445 Apoae
648 4354 819 4423 dicendum
842 4354 946 4424 fuisse
977 4355 1036 4424 sed
1058 4357 1213 4446 Apamae,
1245 4357 1284 4422 tn
1313 4353 1425 4422 confer

258 4458 326 4528 Oia
351 4459 394 4528 ad
416 4458 494 4530 Att.
521 4469 593 4548 16‚8
619 4468 702 4532 extr.
727 4465 907 4537 Romamne
929 4467 1021 4538 aemio
1045 4487 1091 4537 aa
1112 4467 1165 4536 la'c
1178 4485 1291 4536 maaeo
1316 4513 1323 4534 .
1348 4513 1356 4533 .
1382 4463 1423 4548 .?,
