3070 4828
245 1573 489 1648 Varronianum
513 1572 677 1640 scribendi
700 1590 803 1658 genus
820 1589 892 1639 cum
915 1591 936 1638 a
952 1571 1179 1656 grammaticis
1195 1575 1328 1639 tautum

156 1702 222 1750 nou
245 1683 344 1766 plane
367 1681 555 1765 neglectum
571 1682 672 1754 esset,
695 1677 851 1761 proximis
868 1678 995 1745 demum
1012 1677 1068 1760 qui
1082 1678 1328 1760 praeterierunt

158 1788 256 1855 anuis
280 1786 405 1854 acriore
421 1785 531 1851 studio
547 1789 697 1851 tractare
718 1788 904 1867 coeperunt,
928 1803 970 1850 ex
985 1803 1047 1867 quo
1071 1787 1106 1851 et
1129 1783 1327 1852 editionibus

155 1894 251 1963 novis
279 1891 469 1974 compositis
497 1891 565 1957 arti
588 1890 725 1957 criticae
753 1895 879 1957 certum
903 1891 1151 1958 fundamentum
1174 1893 1326 1973 paratum

159 2005 214 2068 cst
237 2003 272 2067 et
287 1998 478 2066 Wdlfflinns
501 1997 632 2079 aliique,
658 2016 730 2063 cum
753 1997 921 2065 Ciceronis
945 1998 1069 2064 cultum
1091 2002 1129 2063 ut
1151 1996 1202 2063 ita
1222 1995 1329 2063 dicam

155 2107 408 2191 restringerent,
433 2122 543 2170 eorum
559 2103 763 2186 scriptorum,
789 2103 845 2185 qui
859 2104 992 2189 vulgari
1007 2123 1155 2170 sermone
1171 2102 1224 2170 usi
1239 2106 1326 2182 sunt,

155 2213 261 2298 magis
284 2211 448 2279 rationem
472 2210 594 2276 habere
617 2209 845 2277 instituemnt.

243 2319 329 2384 Eam
356 2316 460 2400 igitur
488 2315 726 2400 grammaticae
750 2320 890 2397 partem,
922 2334 1007 2397 quae
1034 2315 1069 2381 in
1097 2316 1195 2380 rebus
1219 2313 1328 2380 ortho-

155 2423 324 2509 graphicis
347 2429 383 2490 et
405 2421 440 2488 in
462 2423 636 2489 verborum
658 2421 797 2489 flexione
820 2426 984 2504 versatur,
1008 2425 1169 2502 quantum
1185 2420 1227 2486 ad
1243 2421 1328 2491 Var-

156 2550 267 2598 ronem
287 2529 443 2614 pertinet,
467 2528 634 2597 tractavit
657 2528 754 2614 Aug.
778 2529 921 2595 Miiller
945 2529 996 2594 ‘de
1015 2528 1132 2612 priscis
1155 2529 1329 2596 verborum

155 2635 267 2703 formis
290 2633 531 2726 Varronianis’,
556 2635 634 2702 Hal.
662 2641 758 2700 1877.

244 2741 404 2825 Syntaxis
435 2745 547 2807 autem
579 2760 651 2808 cum
680 2741 823 2808 nondum
852 2744 929 2806 tota
960 2739 1045 2807 satis
1076 2739 1260 2823 perquisita
1282 2739 1328 2806 sit

156 2865 264 2929 neque
293 2846 460 2914 incorum
487 2846 582 2912 libris
605 2845 661 2928 qui
683 2844 817 2929 linguae
840 2846 967 2914 latinae
991 2846 1159 2930 syntaxim
1181 2845 1329 2913 illustra·

155 2957 287 3035 verunt,
315 2953 407 3021 velut
435 2951 583 3037 Drdgeri
612 2957 648 3019 et
676 2950 839 3040 Kiihneri,
868 2952 1030 3024 Varronis
1053 2952 1167 3018 itaut
1190 2955 1328 3032 parest

155 3059 243 3126 ratio
267 3059 441 3142 habeatur,
474 3078 536 3144 ego
561 3078 634 3126 eam
656 3057 881 3143 indagandam
903 3057 984 3125 mihi
1006 3051 1169 3141 proposui,
1200 3055 1329 3144 omissis

45 3247 47 3254 s
156 3166 308 3232 nimirum
331 3165 380 3232 eis
397 3184 482 3248 quae
503 3166 545 3231 ab
562 3165 638 3232 aliis
657 3165 790 3248 prolata
808 3167 895 3232 suut.
931 3165 1019 3232 Nam
1035 3164 1075 3230 de
1091 3161 1329 3250 particularum

156 3289 219 3339 usu
249 3273 346 3342 Varr
382 3271 562 3356 diligenter
592 3271 749 3339 disseruit
778 3272 823 3339 H.
849 3269 942 3338 Reit
948 3289 988 3337 er
1016 3267 1198 3356 (QQuaestt
1229 3269 1328 3338 Varr.

154 3379 313 3462 grammt,
342 3377 471 3460 Regim
499 3378 615 3463 1882);
644 3396 779 3444 casuum
809 3395 902 3443 usum
933 3375 1093 3458 explicuit
1122 3376 1156 3442 J
1181 3374 1330 3442 Sitzler

155 3465 273 3568 (Uber
289 3483 352 3549 den
365 3483 494 3549 Kasus-
497 3481 673 3549 Gebrauch
685 3480 878 3565 beiVarro',
895 3479 1205 3548 Tauberbischofsh.
1212 3481 1328 3566 Progr.

158 3591 267 3669 1889).
313 3589 430 3670 Neque
459 3593 557 3672 praet
542 3588 819 3656 ttereundum
765 3593 819 3658 est
843 3608 916 3655 cum
939 3588 1055 3657 alios
1045 3608 1080 3654 m
1102 3588 1330 3657 nonnullorum

155 3693 352 3778 scriptorum
386 3713 534 3762 sermone
566 3695 812 3762 illustrandot
797 3699 867 3762 tum
897 3693 960 3763 Ph.
984 3693 1221 3764 Thielmenn
1252 3691 1329 3781 (De

156 3800 315 3868 sermonis
331 3801 595 3883 proprietatibus
612 3821 697 3884 quae
712 3803 868 3886 leguntur
891 3799 979 3884 apud
1001 3801 1211 3869 Cornificium
1236 3803 1272 3866 et
1295 3799 1330 3866 in

155 3906 269 3991 primis
285 3907 455 3975 Ciceronis
475 3905 580 3974 libris'
599 3940 641 3962 =
657 3908 748 3974 Diss.
765 3907 848 3992 Arg.
865 3909 916 3986 11,
936 3910 1032 3988 1879)
1055 3907 1229 3974 occasione
1247 3905 1329 3972 data

157 4014 260 4081 etiam
283 4013 446 4085 Varronis
468 4015 594 4098 passim
617 4013 814 4082 mentionem
838 4013 970 4082 iecisse.

245 4121 389 4190 Praeter
401 4121 559 4205 syntexin
575 4139 653 4191 vero
669 4121 846 4188 nonnullas
864 4138 977 4188 earnm
992 4138 1101 4188 rerum
1119 4116 1280 4202 indagare
1295 4116 1330 4187 iu

156 4227 265 4294 animo
290 4226 370 4294 mihi
396 4231 450 4294 est
474 4245 556 4309 quas
581 4226 815 4311 „elocutionis“
836 4225 966 4295 nomine
986 4225 1036 4292 ita
1059 4220 1330 4307 comprehendere

158 4333 239 4400 mihi
251 4332 366 4416 liceat,
382 4336 421 4398 ut
432 4333 528 4400 huius
540 4332 630 4402 vocis
642 4333 734 4400 notio
746 4332 992 4417 angustioribus
1003 4331 1123 4398 linibus
1138 4327 1328 4396 includatur

157 4437 396 4527 („Stilistilr“):
420 4458 461 4508 ca
484 4433 570 4508 euim
594 4439 819 4526 distinguendi
840 4439 972 4507 ratione
994 4439 1072 4503 utar
1087 4454 1153 4519 qua
1175 4451 1253 4501 usus
1269 4436 1324 4500 est
