3070 4828
606 213 826 270 ...87-

120 409 220 454 ocem
244 409 365 474 specere
388 387 409 450 l.
434 385 453 452 l.
479 383 559 450 dicit
587 389 747 471 speculum
775 387 858 470 quod
887 388 924 452 im
954 409 988 452 eo
1011 387 1168 472 specimus
1191 387 1303 472 omopl-

124 517 207 562 meoc
232 492 397 574 (similiter
420 493 450 562 V
477 496 538 556 129
562 495 723 579 speculum
747 518 768 561 o
790 494 976 579 spaciendo),
1009 495 1044 556 et
1075 496 1221 558 extremo
1251 509 1303 558 ca·

124 599 204 682 pite
235 603 349 685 quidus
379 603 552 683 specimus·
585 601 763 682 praeterea
794 601 859 664 sat.
892 597 933 664 fr.
966 604 1030 664 384
1059 597 1146 664 idem
1168 599 1304 667 verbum

125 711 274 788 usurpat
305 707 348 772 ad
371 705 604 790 etymologiam
627 703 779 774 vocabuli
806 709 972 792 oestlspico
995 704 1235 787 explicandam.
1260 743 1303 754 -

131 811 244 878 Nemo
267 832 330 879 nou
354 813 446 880 videt
469 811 521 878 his
544 810 626 878 locis
649 811 693 877 ad
715 830 814 877 uuum
831 811 979 878 omnibus
996 813 1181 882 Varronem
1203 811 1304 879 verbo

129 918 303 1000 spaciandi
334 921 511 1001 propterea
541 935 634 984 usum
665 937 747 1000 esse,
780 923 818 984 ut
849 917 1080 984 vocabulorum
1104 917 1305 998 quorundam

129 1025 301 1092 notionem
317 1026 523 1108 illustraret3
546 1045 611 1092 uon
633 1025 737 1109 igitur
759 1024 839 1091 lieet
862 1024 915 1091 his
938 1027 1070 1091 tautum
1094 1023 1175 1090 locis
1198 1023 1304 1090 nisum

130 1132 198 1196 hoc
220 1132 415 1198 vocabulum
438 1132 473 1198 in
489 1129 770 1199 Varronianorum
784 1131 957 1199 verborum
981 1129 1122 1197 iudicem
1144 1130 1303 1214 recipere.

225 1239 266 1304 In
289 1238 539 1321 compositorum
559 1239 732 1306 verborum
740 1238 764 1318 ¹)
786 1255 848 1304 usu
871 1239 1032 1319 quaedam
1048 1238 1210 1308 Varronis
1231 1255 1304 1320 pro·

131 1343 208 1427 pria
232 1362 304 1412 esse
328 1345 484 1412 hocloco
508 1343 652 1411 inserere
676 1343 755 1410 mihi
777 1343 889 1411 liceat.
937 1343 1046 1415 Voces
1071 1343 1158 1425 apud
1181 1343 1304 1412 Varro-

133 1469 209 1517 nem
245 1451 348 1518 solum
385 1453 444 1518 aut
479 1450 549 1517 fere
584 1450 687 1518 solum
723 1455 783 1516 aut
816 1449 955 1532 primum
990 1449 1138 1517 traditas
1169 1449 1305 1535 collegit

134 1556 278 1623 Stilnkel
301 1578 332 1640 p.
360 1564 415 1640 703
440 1555 498 1624 cfr.
521 1556 608 1642 Aug.
632 1555 752 1624 Mdllsr
774 1577 806 1639 p.
832 1562 883 1621 67.
919 1554 986 1642 (De
1010 1555 1169 1624 Cicerone
1192 1556 1304 1625 videu-

135 1663 196 1729 dus
220 1663 416 1730 Thielmanu
439 1684 470 1746 p.
496 1665 694 1746 351-361).

225 1770 374 1837 Restant
398 1769 501 1836 etiam
524 1787 610 1836 nunc
633 1787 716 1850 quae
740 1768 818 1835 addi
840 1768 984 1852 possiut;
1009 1787 1051 1835 ex
1067 1769 1228 1838 Varronis
1244 1788 1305 1837 usu

132 1893 205 1942 cum
242 1875 429 1958 aequalium
465 1878 656 1957 comparato
691 1893 757 1941 uon
786 1893 893 1958 pauca
928 1875 1146 1957 apparebunt.
1202 1877 1306 1946 Velut

133 1985 317 2052 estollere
340 1983 390 2049 ait
414 1984 521 2053 Varro
538 1983 577 2048 H
603 1988 691 2057 10‚3=
716 2007 815 2052 onero
831 1985 976 2052 extollere
1002 1985 1037 2050 im
1053 1985 1208 2064 iumenta,
1233 2002 1306 2050 oum

132 2107 294 2170 nusquam
322 2091 384 2155 hcc
414 2091 550 2157 verbum
577 2087 711 2172 legatur
737 2088 772 2154 iu
800 2087 969 2156 Ciceronis
997 2087 1216 2169 orationibus,
1248 2088 1306 2156 ubi

132 2213 260 2278 semper
282 2198 418 2264 verbum
442 2194 590 2277 simplex,
615 2213 642 2260 s.
665 2214 698 2278 g.
723 2194 832 2260 Deiot.
861 2199 955 2275 10‚28
980 2195 1087 2262 tollere
1110 2197 1148 2263 c'u
1172 2219 1304 2281 equom3

130 2300 211 2368 item
236 2302 298 2371 Off.
324 2303 382 2369 III
412 2307 509 2380 25‚94
538 2304 575 2370 io
604 2323 747 2369 cccccccccc.
773 2340 814 2348 -
844 2301 1021 2388 Expipcco
1051 2300 1084 2369 V
1113 2305 1153 2364 60
1183 2305 1307 2372 coelom

131 2419 160 2478 et
184 2419 271 2480 lecca
294 2413 405 2479 ommia
427 2416 662 2496 eapeooeruot3
688 2407 782 2473 deest
798 2406 832 2472 in
855 2405 986 2488 lexicis3
1008 2425 1050 2473 ex
1065 2426 1129 2473 uuo
1145 2406 1305 2475 Lucretio

130 2515 289 2583 laudatur
311 2517 351 2582 H
378 2521 439 2579 703
465 2516 584 2601 epipuo.

223 2630 272 2686 10.
297 2623 445 2688 Suavis
467 2619 516 2685 eis
540 2617 715 2686 adiectivis
731 2618 1012 2686 adnumerandum
1035 2639 1122 2702 quae
1145 2621 1226 2690 item
1251 2627 1303 2689 at·

130 2749 192 2811 que
206 2754 326 2805 coecos,
340 2729 460 2797 soledos
473 2727 536 2790 etc.
551 2725 586 2789 et
599 2724 713 2790 activa
726 2729 761 2791 et
776 2725 912 2807 passiva
924 2727 1059 2794 notione
1072 2728 1116 2793 ad
1128 2728 1304 2814 oculorum,

130 2836 258 2903 aurium
282 2838 347 2902 etc.
372 2848 503 2899 sensnm
526 2828 642 2894 referri
665 2836 813 2911 possunt.
852 2831 942 2897 Nam
964 2851 1085 2900 suaves
1108 2851 1172 2901 non
1198 2835 1302 2901 solum

128 2961 182 3008 res
206 2941 362 3008 dicuntur
385 2953 468 3017 quae
491 2932 666 3014 voluptate
689 2952 749 2999 nos
773 2934 933 3016 afficiunt,
960 2938 1019 3004 sed
1034 2939 1143 3006 Varro
1167 2941 1226 3005 III
1250 2946 1302 3023 3‚7

130 3048 232 3114 etiam
256 3046 408 3130 palatum
431 3057 534 3106 suave
557 3037 646 3103 dicit.
693 3040 735 3104 In
758 3039 874 3108 lexicis
898 3042 992 3110 deest
1016 3044 1099 3108 haec
1122 3045 1223 3110 notio.

203 3225 223 3292 ¹)
244 3218 338 3276 Verba
366 3229 427 3269 cum
458 3212 562 3266 duabus
591 3212 840 3279 praepositionibus
870 3216 1022 3284 composita
1046 3213 1116 3272 haec
1140 3234 1157 3272 a
1181 3219 1306 3277 Varrone

132 3311 253 3368 formata
272 3302 504 3367 essaaitDra'ger
516 3297 532 3365 ξ
545 3297 593 3350 86:
613 3299 785 3366 expromam,
799 3301 966 3372 pericopae,
984 3303 1149 3373 praelocato.
1174 3306 1307 3376 Equibus

130 3401 247 3470 primum
266 3391 341 3448 haud
360 3385 440 3441 dubia
458 3400 512 3438 uon
531 3382 564 3437 ab
582 3383 642 3451 ipso
659 3383 784 3439 Varrone
803 3385 952 3442 formatum
971 3390 1020 3445 sed
1034 3406 1049 3446 a
1062 3390 1167 3448 forensi
1179 3409 1306 3452 sermone

131 3489 300 3544 translatum
320 3491 381 3534 esse
400 3489 415 3529 e
433 3472 488 3526 loci
507 3471 645 3526 sententia
664 3470 703 3540 (Il
722 3474 748 3540 2,
766 3473 793 3542 5)
813 3480 937 3542 apparet.
976 3477 1017 3532 De
1036 3479 1124 3534 altero
1140 3481 1224 3536 verbo
1242 3481 1307 3540 vide

132 3575 257 3633 δίψει,
281 3587 306 3640 ρ,
327 3567 361 3620 73
381 3561 428 3632 qui
445 3559 546 3616 addere
568 3559 659 3630 potuit
681 3559 831 3632 iuuopeodi
857 3563 970 3620 verbum
990 3581 1007 3619 a
1025 3564 1149 3624 Varrone
1173 3570 1307 3640 scriptum

134 3679 193 3721 esse
221 3662 261 3717 Vl
287 3659 321 3711 82
346 3656 415 3710 extr.
453 3648 577 3717 Denique
596 3648 711 3704 tertium
735 3649 849 3705 verbum
871 3653 1028 3723 praeluceo
1048 3657 1120 3723 quod
1142 3662 1175 3712 ut
1198 3659 1234 3714 ad
1252 3664 1306 3716 sat.

133 3752 166 3808 fr.
185 3754 239 3808 576
259 3750 388 3817 spectans
406 3757 423 3796 a
441 3739 567 3809 Drdgero
590 3736 670 3793 afferi
688 3738 807 3805 videtur,
826 3738 865 3794 ibi
884 3741 993 3797 omnino
1012 3760 1068 3798 non
1085 3745 1207 3803 traditur
1221 3749 1270 3804 sed
1289 3765 1305 3806 e

133 3841 293 3897 coniectura
310 3848 365 3890 non
382 3827 539 3886 necessaria
558 3843 575 3882 e
594 3826 735 3898 Scaligero
754 3828 887 3897 scriptum
906 3844 956 3900 pro
973 3833 1182 3902 pertimuerunt

613 4114 826 4124 -——---—-
