3070 4828
720 222 937 280 ‚70-

330 394 543 478 Quantopere
566 392 619 459 his
641 391 723 459 locis
747 392 897 461 omnibus
920 395 1093 462 verborum
1116 394 1168 464 vis
1191 399 1358 480 augeatur
1373 413 1422 460 ea

239 519 276 568 re
305 501 390 583 quod
417 505 452 568 et
479 518 632 568 numerus
658 499 694 567 in
721 503 860 583 utroque
887 503 1031 568 membro
1058 501 1145 570 idem
1171 503 1270 585 plane
1298 506 1351 570 est
1378 506 1422 568 et

242 607 356 674 eadam
372 607 533 676 vocabula
550 610 609 675 aut
630 610 721 675 certe
745 605 912 675 simillima
936 607 1068 675 easdem
1093 608 1188 677 sedes
1212 611 1339 693 tenent,
1363 607 1422 675 ita

241 713 448 799 perspicuum
473 717 527 781 est
550 717 589 781 nt
612 713 666 781 hie
690 714 905 782 adumbrasse
929 714 1014 782 satis
1037 716 1187 783 habeam.

779 911 798 992 s
823 916 874 973 sa.

333 1033 399 1103 Sed
416 1051 487 1101 cum
504 1036 678 1118 appareat,
704 1032 732 1101 si
748 1033 845 1101 nimis
861 1051 961 1120 saepe
977 1034 1191 1103 adhiberetur
1207 1037 1291 1104 haec
1309 1034 1424 1104 forma

241 1141 275 1210 in
306 1159 371 1224 qua
399 1144 563 1223 quaterna
589 1141 645 1209 vel
672 1141 772 1223 quina
803 1141 950 1209 membra
980 1143 1044 1210 tali
1071 1142 1166 1210 modo
1194 1143 1283 1210 inter
1306 1163 1342 1211 se
1364 1163 1424 1212 re-

243 1247 421 1332 spondent,
446 1247 516 1314 iore
539 1251 577 1314 ut
599 1247 752 1332 legentes
776 1265 977 1332 summopere
1001 1249 1236 1335 fatigarentur,
1269 1268 1342 1317 eam
1363 1249 1425 1317 ita

241 1355 374 1425 variare
400 1352 544 1421 feliciter
566 1352 765 1421 studuerunt
789 1353 976 1440 scriptores,
1009 1360 1048 1423 ut
1076 1375 1148 1423 cum
1171 1357 1317 1425 ehiasmo
1341 1376 1423 1425 eam

241 1461 489 1546 coniungerent.
537 1459 605 1528 Ofr.
631 1460 672 1526 de
701 1460 765 1527 hac
795 1479 832 1527 re
862 1466 997 1546 praeter
1024 1463 1265 1548 Nbgelsbuchii
1295 1464 1422 1532 librum

241 1573 278 1652 (ᾗ.
300 1570 376 1654 169)
405 1567 507 1634 etiam
530 1567 576 1634 Κ.
601 1565 729 1650 Meyeri
756 1586 865 1652 progr.
889 1568 1044 1654 Magdeb.
1068 1567 1195 1638 ‘Wort-
1228 1571 1293 1639 und
1316 1570 1422 1639 Satz-
1530 1583 1531 1590 ’

240 1676 388 1760 stellung
415 1674 470 1740 bei
493 1669 630 1742 Sallust'
660 1679 743 1737 1880
767 1694 798 1757 p.
825 1681 876 1739 23.
924 1676 978 1743 lin
1005 1676 1142 1761 figurae,
1171 1677 1263 1744 ouius
1291 1696 1423 1763 genera

239 1800 344 1866 paene
367 1778 631 1864 innumerabilia,
655 1798 761 1862 pauca
786 1780 980 1864 specimina:

240 1890 279 1955 X
303 1893 344 1952 39
535 1888 573 1955 st
594 1890 738 1985 homines
760 1891 940 1973 sustuleris,
964 1892 1085 1959 sodales
1108 1893 1287 1978 sustuleris,
1310 1946 1368 1962 ...

369 1998 416 2064 sic
438 1997 514 2065 r'tern
536 1997 566 2063 ει
588 1997 758 2064 sustuleris
781 1991 887 2074 λόγον,
967 2000 1137 2068 sustuleris
1159 2003 1336 2088 unulopon,·

240 2103 293 2175 VI
310 2108 349 2168 27
375 2105 422 2172 se'c
443 2103 526 2171 utero
550 2104 721 2190 quinquies
748 2098 845 2172 ‘Kaio
868 2104 956 2172 Iuno
981 2101 1112 2174 Oooellu'
1188 2103 1274 2159 abc

442 2212 556 2296 septies
578 2211 660 2278 dioto
747 2206 844 2278 ‘Kulo
867 2211 956 2279 Iuno
980 2209 1111 2281 Oooella'
1187 2177 1274 2302 luzo

241 2318 331 2387 V88
355 2316 629 2404 upuunnnbo
637 2317 928 2402 euplurn'busteotr's
1026 2321 1237 2407 oonr'unpc'tur
1273 2317 1427 2375 abcoef

459 2424 506 2490 sio
528 2424 580 2490 bio
636 2426 1191 2512 cunzonipulr'spluribuscopuletur
1274 2392 1426 2518 staffile

242 2527 396 2596 similiter
417 2529 451 2598 V
477 2532 537 2590 147
563 2536 600 2597 ut
622 2531 753 2616 onnon
775 2533 921 2601 scribunt
943 2534 1026 2619 quod
1047 2535 1092 2602 tbi
1114 2537 1215 2621 fuerit
1237 2536 1349 2603 bonus
1530 2539 1531 2544 ’

620 2637 680 2704 uie'o'
943 2641 1026 2726 qnod
1047 2643 1092 2709 ut
1114 2643 1226 2710 domus
1248 2645 1367 2729 fuerit·

240 2744 274 2814 V
301 2747 361 2806 124
386 2745 443 2828 qur‘
465 2767 492 2810 u.
517 2745 547 2810 d.
571 2751 607 2811 ut
629 2746 747 2813 nn'nut.
771 2747 956 2832 suaderent,
981 2770 1052 2835 up.
1077 2749 1115 2816 θ.
1140 2771 1221 2835 app,

389 2851 447 2936 qui
633 2852 800 2919 sumebant
821 2853 950 2938 nn‘nut,
984 2877 1051 2922 us.
1080 2854 1112 2922 S.
1137 2878 1242 2941 norn.,·

240 2956 260 3021 Ι
285 2961 336 3038 5,4
367 2959 409 3026 uri
431 2958 507 3024 solis
552 2959 756 3025 circumitum
778 2980 930 3027 annuunt
988 2957 1074 3098 ¹²er

366 3066 409 3132 orl
432 3065 529 3134 lunae
551 3071 753 3132 menstruum
776 3087 908 3133 cursum
988 3101 1074 3155 „b

241 3168 323 3236 item
345 3169 404 3236 ΙΠ
429 3175 541 3251 16,ae;
565 3169 657 3239 VIII
680 3175 736 3252 49;

241 3275 294 3345 VI
310 3281 351 3340 42
376 3285 485 3347 orator
506 3299 599 3365 apere
621 3279 743 3345 dintur
765 3299 896 3346 consona
1088 3279 1091 3334 l
1121 3297 1250 3367 a(bc)d

375 3391 403 3452 et
426 3407 565 3472 unpures
587 3387 764 3472 aupurr'unr
786 3407 878 3472 apere
900 3387 1057 3456 dicuntur
1088 3337 1091 3493 ι
1122 3402 1250 3474 aduc)

241 3490 273 3559 V
298 3497 315 3553 5
349 3514 442 3578 quern
458 3515 600 3577 puernru
621 3495 732 3562 utini
754 3496 964 3580 formonsum,
1031 3509 1159 3580 ahud)

348 3621 420 3666 euru
442 3599 529 3667 uides
550 3600 721 3687 desumant
743 3602 781 3694 ιιι
804 3608 929 3670 seneen
1030 3617 1158 3688 a(cd)b

240 3702 322 3768 item
345 3704 365 3770 I
384 3709 455 3787 19,1
480 3708 523 3774 od
542 3707 655 3794 inpern
672 3705 725 3775 00
741 3710 813 3776 oroi
828 3710 921 3777 boun
943 3711 1021 3796 iupa
1043 3711 1106 3778 duo
1125 3708 1127 3798 ἔ
1146 3743 1164 3781 a
1182 3725 1236 3798 (bc)
1256 3740 1262 3782 :
1286 3725 1380 3797 (bc)a

780 3903 798 3987 p
824 3910 875 3968 ss.

331 4022 479 4092 Ohiasmi
505 4023 610 4110 igitur
638 4025 762 4094 formae
792 4047 864 4096 eum
893 4029 1061 4112 anaphora
1086 4030 1281 4098 coniunctae
1305 4030 1417 4098 iubis

241 4130 347 4199 ternis
371 4130 536 4199 minimum
560 4133 714 4200 membris
737 4134 828 4201 locus
851 4155 924 4203 esse
947 4139 1070 4219 potest.
1117 4136 1275 4204 Nonnulli
1302 4141 1418 4205 autem

242 4239 331 4306 inter
347 4239 435 4305 locos
451 4238 575 4306 allatos
591 4239 729 4305 cunita
746 4243 929 4325 comparati
946 4242 1014 4310 sint
1029 4247 1066 4308 ut
1083 4243 1250 4326 complura
1266 4246 1415 4312 membra

242 4362 301 4426 pro
325 4343 463 4429 singulis
484 4345 590 4428 accipi
613 4345 715 4412 liceat
737 4345 893 4433 (velutin
909 4354 1055 4417 extremo
1072 4351 1219 4434 exemplo
1235 4355 1347 4440 tupero
1363 4352 1423 4422 00

243 4452 279 4514 et
303 4451 381 4536 inqu
403 4452 489 4534 cluo),
522 4469 578 4517 eos
602 4451 715 4517 eodem
738 4452 808 4519 iure
831 4455 990 4539 simplicis
1013 4457 1152 4526 chiasmi
1175 4458 1332 4542 exemplis
1356 4459 1417 4526 ad·
1530 4481 1531 4536 ς
