3070 4828
584 199 803 256 ..41-

97 371 163 436 huo
190 369 379 453 pertinent:
409 370 500 440 VIII
533 375 571 434 41
602 371 717 441 Diona
743 379 773 440 et
805 373 936 442 raama
966 395 1044 458 qaas
1071 375 1185 440 dicam
1215 395 1280 439 erse

94 501 203 565 paene
225 481 291 558 ipa·
311 479 466 565 pemiaoa,
491 479 710 548 inveniantur
725 500 790 546 ease
804 479 993 563 assimilem
1016 476 1161 545 fortasse
1177 475 1280 544 etiam

102 584 136 654 V
160 588 215 666 43,
240 582 297 650 ubi
318 582 355 649 in
376 583 446 651 cod.
463 582 546 650 haec
561 583 729 668 leguntur:
747 607 784 654 ea
803 603 867 666 qua
886 592 954 654 tam
968 586 1090 654 dicitur
1103 587 1281 669 celabam·

6 723 8 750 t
100 708 188 773 quae
217 689 289 758 sive
317 707 391 756 oum
412 690 552 756 mollero
580 689 629 758 sic
657 690 902 758 restituerimus
930 715 967 760 aa
993 713 1059 778 pao
1085 700 1154 760 tam
1172 693 1279 761 <refre-

103 801 209 882 batar,
238 800 335 866 etiam
356 813 469 867 armo>
488 799 609 866 dicitur
630 799 805 878 auitam,
833 795 905 864 sire
927 796 1184 879 suppleverimus
1208 815 1280 864 oum

102 903 284 988 Spengelio
300 927 337 972 aa
351 924 415 986 aaa
435 918 528 972 ‹aar›
543 912 621 990 tam,
645 907 706 973 dir.
730 907 787 974 ael.
812 905 902 987 (nam
924 922 997 970 cum
1017 906 1156 984 uterque
1178 904 1282 971 verba

103 1011 147 1077 ad
182 1009 387 1078 sententiam
409 1012 502 1076 recte
525 1009 792 1093 conformaverit,
815 1027 932 1093 pamm
955 1009 1052 1076 credo
1075 1008 1179 1076 refert
1202 1014 1280 1076 utra

101 1117 206 1184 lectio
233 1116 447 1200 recipiatur),
477 1134 542 1184 vox
564 1141 607 1187 aa
628 1135 688 1199 per
710 1117 948 1185 attractionem
970 1115 1035 1182 erit
1051 1115 1279 1199 intelligenda.

106 1225 199 1291 Item
221 1224 262 1290 Π
285 1229 337 1306 2,9
367 1231 481 1292 coafra
502 1227 577 1294 illae
599 1226 639 1294 ia
660 1227 794 1294 saltibus
816 1247 897 1311 puae
914 1231 1099 1310 pascantur
1114 1227 1282 1292 aroteras

106 1335 228 1401 abram
250 1333 350 1418 lotape,
370 1339 506 1416 portant
527 1355 633 1400 aarum
656 1339 775 1416 cratem
797 1328 856 1397 cfr.
880 1329 972 1397 Keil.
997 1348 1110 1397 comm.
1134 1329 1234 1396 adh.
1257 1330 1279 1395 1.

102 1443 137 1504 et
168 1437 215 1503 ad
241 1437 262 1502 I
294 1442 379 1520 44,4.
420 1436 485 1519 (An
520 1437 645 1505 rectius
679 1438 742 1505 hoc
774 1438 846 1505 loco
886 1436 1021 1520 propria
1063 1436 1280 1504 anacoluthia

100 1541 289 1610 statuitur?
318 1543 369 1610 ita
398 1543 528 1611 scilicet
554 1549 593 1611 ut
616 1544 725 1616 Varro
752 1547 830 1628 post
856 1543 1064 1611 enuntiatum
1103 1543 1282 1611 relativum

102 1651 146 1717 ad
170 1653 376 1717 structuram
399 1651 498 1732 plane
522 1649 623 1717 aliam
646 1649 845 1734 transierit.)

195 1756 352 1824 Addendi
375 1761 453 1824 sunt
476 1756 540 1824 loci
563 1755 695 1840 quidam
718 1757 774 1839 qui
797 1756 951 1840 coniungi
973 1758 1114 1839 possunt
1129 1773 1201 1822 oum
1218 1755 1278 1834 ais,

103 1882 188 1946 quos
204 1863 346 1930 Kiihner
368 1863 487 1931 attulit
510 1882 553 1931 ex
568 1862 707 1931 (tatonis
727 1864 822 1930 libro.
858 1863 942 1931 Dico
958 1862 1155 1946 praesertim
1172 1864 1213 1929 de
1228 1863 1280 1929 his

100 1970 186 2038 locis
219 1971 279 2036 111
309 1970 406 2046 1634
434 1974 503 2059 fovi
530 1974 587 2054 par·
614 1975 813 2057 raimaatar,
842 1975 872 2041 ri
899 1992 964 2053 aaa
980 1994 1062 2058 pars
1083 1973 1170 2040 atati
1191 1974 1282 2040 habet

102 2086 162 2147 arat
186 2079 279 2146 habet
300 2079 505 2163 tacunarum,
530 2080 654 2147 cultello
674 2082 878 2162 praesicctar
901 2083 936 2144 et
959 2079 1070 2156 131,2
1087 2079 1282 2163 pampinare

100 2195 147 2254 est
170 2209 188 2253 e
212 2192 373 2254 sarmento
396 2187 476 2254 coles
498 2189 556 2270 pat
577 2188 650 2255 anti
672 2193 759 2269 sant,
783 2187 821 2254 de
836 2187 883 2254 eis
898 2188 955 2271 qai
964 2187 1147 2266 plurimam
1162 2185 1279 2268 valeat,

96 2295 250 2377 primam
283 2314 322 2360 aa
354 2294 551 2360 seraadara.
566 2343 594 2360 ..
619 2293 816 2378 relinquare,
850 2293 991 2372 reliquos
1024 2293 1186 2376 decerpere
1215 2292 1280 2354 etc.

99 2399 176 2465 Iam
214 2416 286 2464 oum
310 2398 494 2468 Varronem
524 2396 718 2480 saepissime
749 2396 996 2464 coniunctiones
1027 2399 1063 2464 et
1090 2394 1282 2479 pronomina

105 2504 255 2573 relativa
282 2504 325 2572 ab
352 2504 449 2572 initio
479 2503 712 2588 propositionis
733 2522 903 2572 removere
925 2503 1014 2570 infra
1037 2506 1069 2588 (ᾗ
1094 2505 1148 2586 61)
1172 2507 1282 2570 osten·

106 2610 253 2678 denium
276 2610 332 2687 sit,
360 2610 463 2678 etiam
486 2610 538 2678 his
561 2609 643 2678 locis
665 2609 829 2678 vocabuia
851 2612 930 2697 favi,
958 2613 1048 2697 coles,
1072 2628 1144 2676 cum
1167 2629 1282 2693 prono-

105 2718 198 2785 mine
213 2717 358 2786 relativo
373 2716 528 2802 coniungi
542 2735 640 2800 posse
655 2715 746 2784 dices
761 2721 816 2795 (=
834 2719 891 2803 pai
905 2718 975 2804 favi
990 2719 1281 2796 cataractarum).

105 2823 267 2907 Apparet
290 2823 418 2891 omnino
440 2841 507 2890 non
529 2823 631 2890 aliter
652 2821 792 2890 iudicari
815 2839 911 2904 posse
935 2822 976 2888 de
999 2822 1048 2889 eis
1068 2821 1149 2889 locis
1165 2823 1281 2904 quibus

105 2948 175 2998 uon
210 2930 313 2997 solum
348 2930 594 2998 substantivum
621 2929 716 3014 illud,
752 2928 796 2996 ad
825 2928 911 3010 quod
933 2933 1067 3012 spectat
1094 2928 1281 3008 relativum,

103 3037 166 3105 sed
199 3037 302 3104 etiam
331 3036 420 3103 aliae
448 3055 547 3105 voces
569 3036 752 3121 pronomini
773 3036 918 3105 relativo
941 3035 1159 3112 antecedunt,
1188 3035 1282 3104 velut

104 3147 245 3226 praeter
266 3145 287 3210 I
310 3148 384 3224 31,2
409 3161 437 3210 a.
462 3163 493 3228 g.
516 3143 536 3210 I
559 3149 634 3228 27,2
657 3168 729 3214 vere
751 3147 891 3215 sationes
912 3167 994 3230 puae
1010 3145 1122 3230 fluat·
1145 3143 1217 3212 VH
1240 3147 1282 3205 44

101 3259 224 3320 matres
264 3253 412 3337 samaias
445 3253 552 3321 crimea
586 3254 768 3322 coarctatos
802 3254 844 3320 ad
877 3253 1024 3320 ventrem
1057 3252 1172 3330 capitis
1205 3272 1284 3334 qaas

102 3360 221 3426 hahent
252 3359 332 3427 vitta
368 3360 499 3443 aeratos,
535 3360 724 3429 dicebantur
755 3359 877 3427 Parati.
928 3354 1043 3421 Priore
1071 3358 1184 3420 autem
1210 3353 1283 3420 loco

106 3463 210 3546 plane
232 3462 402 3530 reicienda
425 3466 479 3530 est
495 3462 578 3531 haec
594 3465 781 3548 explicandi
796 3464 895 3542 ratio,
919 3461 984 3529 nisi
999 3460 1085 3527 forte
1101 3460 1284 3527 contendas

108 3569 212 3636 aliam
235 3588 309 3637 esse
333 3568 494 3654 originem
517 3575 707 3638 structurae
731 3571 824 3640 velut
847 3570 957 3636 huius:

196 3678 376 3746 Nummum
398 3679 493 3746 iilam
515 3701 607 3765 praem
628 3680 710 3747 milri
732 3680 855 3747 dadam
871 3679 1048 3765 pollicitae
1071 3679 1158 3758 dare,

201 3784 326 3870 Iubeas,
351 3788 381 3854 si
402 3788 520 3872 sapias,
539 3787 712 3873 porculam
733 3787 859 3871 adferri
880 3786 938 3853 tr'br'
958 3783 1024 3868 (Pl.
1044 3784 1132 3852 Men.
1150 3786 1211 3846 311
1237 3784 1285 3865 s),

107 3887 210 3954 aliam
245 3888 315 3956 eius
353 3909 438 3973 quae
474 3891 607 3962 eueniet
641 3890 760 3958 omisso
787 3889 977 3974 pronomine
1012 3888 1284 3969 demonstrativo,

107 4020 282 4066 mammam
304 4022 398 4085 qaam
420 4001 484 4065 eto.

200 4101 267 4171 Sed
293 4123 401 4172 noune
432 4102 613 4188 poterimus
637 4099 796 4168 facillime
818 4101 912 4169 illam
935 4106 1140 4170 structuram
1162 4099 1196 4164 in
1220 4116 1285 4180 qua

110 4227 286 4290 pronomen
318 4211 616 4280 demonstrativum
640 4208 789 4276 additum
812 4214 867 4277 est
890 4209 1044 4280 derivare
1067 4225 1108 4273 ex
1131 4206 1194 4271 hac
1215 4208 1286 4291 favi

109 4319 166 4401 pai
180 4319 371 4388 erimaatwr
383 4349 425 4371 =
443 4321 500 4405 pai
518 4320 589 4407 faci
609 4314 821 4386 armantur?
857 4316 945 4383 Saue
957 4315 992 4379 iu
1010 4313 1146 4394 linguae
1156 4310 1285 4377 latinae

110 4425 280 4489 structura
321 4422 404 4490 nihil
439 4426 494 4491 est
528 4423 613 4505 quod
646 4421 722 4488 huic
757 4416 970 4503 explicationi
1005 4416 1134 4497 obstet;
1170 4417 1284 4482 obstat
