3070 4828
598 206 815 265 -89..

11 363 12 430 ³
115 379 233 464 posita
256 375 410 464 coniungi
434 396 506 446 cum
528 377 639 445 verbis
662 381 730 449 alta
745 380 876 464 florere
916 381 1024 465 Quam
1045 381 1086 448 ob
1106 398 1175 447 rem
1190 379 1293 449 verba

11 547 12 568 ,
116 505 207 569 quae
237 484 450 554 intercedunt
482 489 589 573 daque
613 538 672 554 ...
696 509 792 572 quam
822 487 890 555 alia
911 505 969 569 pro
992 485 1168 554 enuntiato
1190 485 1293 554 inter·

119 593 236 660 celato
254 592 448 677 accipienda
465 610 538 660 esse
554 597 704 675 apparet.
743 591 810 662 Sed
825 591 891 658 iam
907 592 1063 678 graviora
1079 593 1120 660 de
1135 593 1294 661 extremis

115 699 233 768 verbis
264 718 400 782 quorum
429 698 631 767 sententium
658 717 731 766 curn
760 697 826 766 loci
846 699 983 767 consilio
1012 719 1076 768 non
1108 700 1294 767 consentire

119 807 294 875 contendo.

211 913 299 980 Nam
314 994 315 998 Ἰ
328 913 363 980 in
392 912 567 981 enuntiato
596 911 753 995 primario
785 911 947 979 contineri
977 911 1101 996 aliquid
1131 913 1216 995 quod
1246 913 1296 981 rei

117 1020 270 1088 rusticae
301 1019 408 1087 minus
439 1018 557 1102 peritis
584 1019 699 1087 mirum
723 1017 829 1088 rideri
859 1018 966 1102 possit
995 1019 1201 1102 perspicuum
1233 1023 1294 1086 est.

11 1119 12 1176 l
119 1127 285 1209 Sequitur
315 1131 354 1193 ut
383 1127 494 1195 verbis
525 1151 597 1196 cum
628 1178 660 1194 ..
689 1127 881 1197 inseramur
911 1130 999 1209 (nam
1028 1125 1080 1195 vis
1110 1125 1296 1209 particulae

11 1305 12 1308 ,
121 1259 196 1304 cum
214 1233 314 1300 debet
326 1251 400 1301 esse
412 1233 642 1319 adversativa)
654 1251 708 1300 res
724 1232 928 1317 exprimatur
940 1232 1087 1300 omnibus
1099 1232 1295 1316 hominibus,

11 1391 12 1400 ,
125 1360 191 1408 non
225 1340 329 1407 solum
353 1339 519 1423 agricolis,
550 1338 734 1407 notissima.
781 1338 955 1422 Superiore
986 1344 1098 1407 autem
1123 1339 1297 1407 enuntiato

129 1446 256 1532 legitur
286 1446 365 1514 ficos
396 1446 499 1514 inseri
530 1445 662 1512 circiter
692 1444 869 1514 solstitium
902 1445 934 1528 (i.
965 1464 992 1512 e.
1023 1445 1132 1513 media
1163 1449 1298 1513 aestate

128 1552 307 1621 secuudum
331 1552 492 1623 Varronis
522 1552 685 1620 rationem
717 1556 898 1634 temporum
928 1553 949 1618 Ι
980 1559 1020 1617 28
1051 1552 1213 1620 uberrime
1243 1572 1297 1620 ex·

125 1657 294 1744 positam),
319 1677 451 1726 cerasos
467 1657 644 1726 Decembri
658 1677 779 1725 mense.
803 1658 1028 1726 Paucissimes
1044 1658 1147 1744 igitur
1163 1660 1298 1727 arbores

126 1768 233 1834 bieme
264 1769 300 1834 et
331 1768 464 1833 aestate
495 1765 597 1833 inseri
628 1765 777 1849 exponit,
809 1764 954 1848 ipsisque
983 1766 1167 1834 nominibus
1197 1765 1298 1851 signi·

127 1875 219 1940 licat.
275 1873 493 1958 Quamobrem
522 1873 557 1939 in
600 1872 774 1940 enuntiato
813 1871 968 1940 inferiore
1004 1891 1116 1940 earum
1146 1873 1299 1940 arborum

126 1979 326 2047 mentionem
356 1978 467 2046 facere
499 1979 623 2063 debuit,
655 1997 739 2061 quae
771 1996 850 2046 vere
882 1981 917 2046 et
948 1997 1032 2061 quae
1063 1982 1219 2046 autumno
1250 1979 1299 2046 in·

127 2091 293 2170 seruntur,
316 2085 368 2152 ita
391 2086 462 2154 scil.
480 2089 518 2154 ut
541 2088 638 2172 longe
661 2086 819 2170 plurimas
843 2086 978 2153 arbores
1002 2085 1127 2154 duobus
1150 2086 1203 2152 bis
1220 2085 1300 2153 anni

131 2193 335 2277 temporibus
358 2192 461 2261 inseri
476 2193 684 2276 exprimeret.
723 2192 820 2260 Haec
843 2211 921 2260 vero
944 2193 1114 2260 sententia
1137 2211 1201 2259 non
1225 2211 1299 2259 con-

127 2301 255 2368 tinetur
279 2299 314 2367 in
330 2301 442 2369 uerbis
462 2300 599 2368 traditis
621 2300 657 2367 in
680 2299 797 2382 quibus
812 2316 917 2366 verua
939 2298 1054 2366 insitio
1077 2318 1150 2368 cum
1173 2302 1299 2366 autum-

128 2409 198 2474 nali
222 2406 402 2488 confertur,
434 2427 498 2474 non
522 2405 570 2494 (id
593 2407 679 2490 quod
702 2405 872 2474 sententia
894 2407 1102 2490 postulabat)
1128 2408 1192 2474 hae
1216 2405 1300 2473 duae

129 2513 303 2581 insitiones
335 2533 408 2582 cum
439 2513 556 2582 alteris
588 2515 732 2597 duabus,
772 2513 905 2581 aestiva
936 2518 971 2580 et
1001 2513 1145 2581 hiemali.
1207 2511 1302 2598 Quod

129 2626 168 2687 ut
190 2622 260 2703 fiat,
285 2623 323 2687 tu
347 2639 473 2689 mecum
490 2620 633 2689 restitue
657 2622 741 2704 quod
758 2621 972 2704 etiamnunc,
997 2624 1173 2705 postquam
1196 2618 1302 2686 Keilii

130 2727 398 2796 commentarium
427 2728 505 2814 legi,
539 2730 724 2799 Varronem
755 2727 927 2811 scripsisse
957 2745 1150 2811 persuasum
1180 2727 1301 2793 habeo:

130 2859 202 2904 cum
223 2839 375 2924 pleraque
397 2861 477 2924 aere,
502 2839 686 2925 quaedam
707 2845 865 2906 autumuo
880 2838 1081 2905 imserautur.
1120 2834 1175 2900 De
1197 2831 1303 2899 forma

130 2942 297 3009 enuntiati
312 2942 368 3009 cfr.
384 2943 423 3010 Π
440 2949 513 3023 5,13
533 2947 702 3030 pleraeque
719 2946 860 3030 pariunt
882 2945 921 3011 u'u
943 2944 1046 3011 decem
1066 2963 1180 3017 ammos,
1206 2962 1298 3027 quae-

130 3051 202 3119 dam
226 3053 321 3119 etiam
342 3051 460 3136 plures.
507 3047 672 3132 Corrupta
696 3053 749 3116 est
771 3049 967 3117 vocabulum
991 3049 1177 3134 quaedam
1199 3045 1304 3112 etiam

131 3154 188 3222 III
212 3162 286 3239 2,13
310 3155 367 3223 ubi
389 3175 411 3222 a
433 3153 546 3223 Keilio
571 3174 612 3222 ex
633 3174 715 3224 voce
738 3159 839 3243 quod
860 3154 1056 3221 restitutum
1079 3157 1142 3219 est.

654 3349 673 3415 1
697 3353 783 3433 rue.

219 3477 266 3546 Iu
290 3496 519 3561 quamcumque
546 3476 689 3545 ardorem
711 3476 901 3561 turmacsi
930 3475 1070 3545 eiusdem
1096 3474 1225 3563 peuem‘s
1249 3481 1304 3560 est,

133 3586 300 3654 dumtaxat
321 3592 359 3654 ut
381 3585 425 3652 stt
447 3592 584 3670 utraque
605 3585 722 3669 malus,
746 3585 794 3652 ita
816 3585 958 3652 inserere
978 3589 1096 3668 oportet
1117 3584 1307 3668 refereutem

133 3694 172 3760 ad
194 3695 339 3778 fructum
362 3694 426 3758 etc.

219 3797 453 3881 Explicationc
493 3800 571 3880 eget
608 3795 775 3879 particula
812 3801 1030 3874 dumtaxat,
1069 3795 1110 3862 de
1148 3813 1213 3878 qua
1246 3794 1304 3862 cfr.

135 3903 341 3972 Richardson
374 3902 427 3971 ‘de
457 3903 625 3987 particula
655 3900 739 3971 dnm'
767 3922 845 3988 pag.
883 3908 934 3966 94.
981 3900 1190 3988 Significatio
1221 3900 1307 3967 enim

135 4015 349 4083 tautummodo
373 4030 458 4094 quae
481 4010 556 4078 huic
579 4009 653 4079 uoci
674 4010 784 4078 inesse
807 4009 921 4093 debet,
948 4027 1014 4077 non
1040 4010 1130 4077 inest
1153 4006 1182 4073 si
1204 4008 1308 4075 verba

135 4116 181 4185 ita
204 4122 243 4186 ut
265 4137 308 4186 ex
329 4116 436 4186 Keilii
464 4117 608 4185 editione
637 4116 798 4202 exscripsi
819 4117 984 4202 leguntur.
1031 4114 1119 4184 Nam
1147 4131 1219 4180 cum
1241 4133 1308 4182 non

136 4224 174 4292 de
208 4225 305 4293 malis
338 4224 443 4292 solum
468 4223 708 4309 praecipiatur,
741 4223 801 4291 sed
831 4223 933 4291 etiam
972 4220 1013 4288 de
1040 4219 1121 4304 piris
1145 4218 1218 4306 (cfr.
1244 4221 1306 4303 ξι

135 4335 231 4401 stim
256 4335 366 4420 pirum
400 4335 469 4402 sito.
505 4329 595 4416 etc),
630 4329 732 4398 verba
763 4339 800 4399 ut
823 4381 829 4392 .
854 4381 861 4394 .
888 4377 895 4393 .
919 4331 1025 4399 matus
1056 4327 1105 4394 sic
1140 4325 1307 4395 debebant

11 4435 12 4438 ’
137 4439 342 4524 pronuntiari
364 4439 402 4507 ut
425 4457 465 4506 ea
481 4437 622 4524 exempli
641 4439 774 4506 tantum
793 4436 865 4504 loco
884 4434 1023 4520 profeni
1043 4439 1306 4521 cognosceretur,
