3070 4828
774 196 1007 271 ..oe-¹

295 385 382 434 mam
404 369 535 450 partem
558 363 681 433 eisdem
703 365 822 435 finibus
845 387 881 436 se
905 368 1078 437 continent
1101 366 1217 452 quibus
1234 368 1320 452 apud
1336 373 1483 437 ceteros

296 473 474 556 scriptores
498 473 723 542 abundantiae
745 493 870 559 genera
894 475 1214 559 circumscribuntur.

833 672 927 754 §aa

384 776 546 848 Varronis
569 775 707 860 primum
732 795 788 844 eos
811 778 900 844 locos
925 776 1060 844 afferam
1084 777 1200 859 quibus
1217 797 1257 844 ea
1273 777 1364 845 notio
1380 797 1480 858 quae

293 884 394 952 verbo
422 883 517 950 finito
544 883 611 951 iam
640 883 725 952 satis
756 884 965 968 exprimitur,
1000 887 1102 951 aucta
1130 887 1182 952 est
1210 883 1376 954 adiectivo
1409 891 1479 952 aut

295 991 461 1060 adverbio.

381 1099 608 1184 Incipieadt'
637 1097 738 1165 verbo
770 1097 904 1164 additur
934 1097 1135 1166 adiectivum
1160 1099 1291 1178 primus
1320 1097 1360 1163 H
1393 1103 1474 1180 2,2:

292 1207 362 1293 Epo
386 1209 509 1291 opinor,
534 1208 651 1290 iuquit,
676 1207 832 1290 temptum
849 1207 980 1290 primus
1002 1222 1065 1285 quo
1088 1204 1160 1269 loeo
1183 1203 1327 1270 alterum
1349 1208 1471 1270 utrum

293 1313 389 1380 salva
420 1312 590 1379 sententia
622 1311 881 1393 omitti'potuit.
927 1311 1034 1377 Plane
1064 1310 1146 1376 item
1178 1308 1247 1377 Oia.
1272 1310 1358 1376 Phil.
1382 1311 1405 1377 I
1432 1315 1472 1392 8;

292 1418 351 1484 cfr.
382 1417 586 1500 Hauschild‚
620 1416 713 1485 Diss.
744 1417 824 1483 Hal.
853 1417 906 1487 VI
940 1421 1003 1480 285
1028 1421 1113 1482 extr.
1149 1413 1310 1484 Similiter
1338 1417 1472 1483 nomini

292 1543 323 1607 q.
348 1545 375 1592 a.
400 1527 562 1596 initiam
589 1524 723 1590 additur
745 1523 948 1592 adiectivum
966 1525 1137 1605 primum
1163 1523 1203 1588 H
1231 1529 1299 1604 4‚9:
1328 1527 1472 1593 initiam

288 1635 435 1714 priorum
457 1641 622 1717 sumptum
644 1634 787 1716 videtum
810 1631 848 1696 X
874 1635 911 1694 11
933 1633 1100 1718 principia
1110 1632 1230 1716 prium.
1255 1628 1385 1696 Dubius
1410 1635 1469 1696 est

290 1739 381 1805 locus
408 1739 463 1806 hic
485 1739 538 1809 VI
562 1744 617 1801 41:
648 1739 813 1824 Incipiam
839 1740 917 1806 hino
937 1739 1080 1822 primum
1104 1733 1247 1824 [prom
1270 1731 1354 1822 cod]
1377 1739 1468 1816 quod

290 1849 410 1914 dicitur
440 1869 498 1932 apo
530 1847 612 1914 cotto
640 1847 678 1912 uh
706 1847 830 1931 opilata
856 1847 961 1930 factu·
992 1861 1076 1924 quae
1103 1842 1207 1910 verba
1238 1841 1382 1926 Spengel
1415 1842 1466 1908 sic

289 1951 511 2036 interpunxit:
535 1952 699 2038 Iocc'prbuc
721 1953 816 2019 hinc:
837 1953 979 2036 monam
1003 1954 1065 2016 etc.
1105 1947 1171 2018 Sed
1193 1968 1235 2015 nc
1258 1948 1307 2016 sic
1330 1948 1465 2030 quidem

284 2059 421 2124 tollitur
444 2056 651 2124 abundantia
674 2074 759 2138 quac
782 2055 817 2121 in
839 2055 951 2123 verbis
974 2054 1072 2121 inest.
1111 2053 1264 2135 Denique
1280 2073 1352 2120 cum
1369 2055 1400 2124 V
1419 2061 1462 2118 47

288 2167 379 2236 Hinc
401 2168 507 2234 utro
530 2172 626 2252 caput
648 2186 772 2232 samaa
781 2166 851 2232 triae
874 2161 932 2228 cfr.
958 2159 1026 2228 Oia.
1043 2160 1129 2228 Phil.
1147 2161 1186 2228 Π
1202 2167 1243 2226 20
1258 2164 1464 2248 menaporum

287 2281 404 2344 ouum
425 2273 590 2358 reperietis
605 2270 641 2356 ²).
1519 2363 1520 2368 ἵ

378 2378 485 2459 Saepe
513 2376 561 2444 eis
589 2375 700 2445 verbis
728 2375 844 2458 quibus
873 2373 924 2444 vis
951 2373 1041 2441 inest
1068 2372 1318 2456 hequentativa
1342 2375 1461 2444 adrer-

288 2484 377 2551 bium
400 2482 535 2550 additur
558 2481 694 2549 eandem
717 2481 886 2548 notionem
909 2480 1093 2564 exprimens
1115 2479 1188 2566 (cfr.
1207 2479 1359 2548 Schmalz
1380 2481 1460 2550 Stil.

289 2595 307 2672 ς
337 2592 403 2672 64).
447 2588 549 2655 Cuius
580 2607 657 2655 usus
689 2588 776 2670 apud
803 2589 987 2659 Varronem
1017 2587 1100 2652 haec
1130 2587 1281 2667 exempla
1309 2586 1461 2656 animad·

287 2697 389 2767 verti:
414 2696 474 2764 III
499 2701 594 2778 16‚29
618 2704 656 2764 ot
678 2683 764 2765 olim
777 2697 882 2764 crebro
902 2694 1017 2764 stetur·
1036 2695 1284 2780 sentiscerent·
1305 2693 1458 2776 1111r‚5

286 2813 324 2876 ut
345 2807 439 2873 illum
461 2805 561 2872 ocium
580 2826 700 2889 semper
718 2805 757 2872 ie
773 2825 885 2871 cecam
896 2803 1000 2888 pisces
1014 2802 1165 2869 Puteolos
1179 2803 1303 2869 mutere
1318 2810 1459 2890 emptum

286 2914 433 2995 solitum·
454 2908 536 2976 item
558 2907 593 2973 in
617 2908 786 2975 sententia
808 2907 969 2992 negativa
992 2907 1051 2974 III
1077 2912 1169 2982 16,ss
1195 2909 1263 2976 Hos
1285 2927 1458 2990 eamcam
1519 2997 1520 3000 Ἴ

286 3020 397 3086 minus
413 3069 420 3084 .
439 3068 445 3083 .
465 3067 471 3082 .
488 3017 626 3100 rumpere
649 3035 713 3083 esre
735 3017 852 3084 solitos.
891 3015 933 3081 Iu
949 3012 1117 3081 Ciceronis
1134 3012 1339 3080 orationibus
1355 3015 1458 3082 verbo

286 3141 317 3205 q.
342 3141 369 3189 e.
392 3125 491 3191 solere
523 3119 610 3188 binis
644 3119 725 3186 locis
756 3119 923 3188 adduntur
954 3118 1113 3187 adverbia
1143 3123 1297 3206 saepest
1325 3143 1455 3208 reaper.
1519 3137 1520 3156 ³

375 3227 476 3296 Oadit
499 3229 563 3294 huc
585 3226 688 3294 etiam
704 3244 782 3294 usus
796 3226 982 3310 particulae
998 3250 1139 3296 rursus
1153 3226 1188 3292 in
1205 3225 1254 3292 eis
1270 3227 1455 3294 enuntiatis
1519 3215 1520 3292 ἶ

285 3354 420 3418 quorum
449 3337 585 3404 verbum
614 3333 743 3400 finitum
772 3352 831 3417 per
860 3333 1024 3418 syllabam
1057 3356 1113 3401 rc·
1141 3331 1308 3414 incipitur.
1347 3333 1454 3402 Locos

285 3442 492 3526 congessisse
515 3441 611 3510 video
627 3440 800 3508 Reiterum
820 3460 851 3522 p.
870 3445 910 3503 80
928 3440 1002 3506 adn.
1043 3439 1137 3524 Quod
1152 3438 1335 3520 pleonasmi
1350 3459 1454 3524 genus
1519 3443 1520 3500 ἶ

284 3549 371 3630 apud
402 3568 512 3616 omnes
543 3547 613 3615 iere
644 3552 798 3614 auctores
828 3547 1010 3614 invenitur:
1043 3546 1131 3627 apud
1162 3544 1353 3612 Ciceronem
1382 3547 1454 3631 (cfr.
1519 3533 1520 3536 ¹

283 3654 479 3722 Thielmann
502 3676 531 3737 p.
557 3660 644 3736 368),
677 3653 765 3736 apud
788 3657 877 3720 auct.
901 3653 982 3719 belli
1003 3652 1101 3734 Hisp.
1126 3657 1161 3718 ct
1183 3652 1263 3718 belli
1286 3652 1358 3719 Af.
1383 3655 1452 3736 (cfr.

282 3761 412 3827 Kbhler
433 3761 479 3828 A.
504 3761 537 3828 S.
562 3763 602 3828 E.
626 3762 646 3827 I
670 3764 762 3838 447),
791 3761 878 3846 apud
902 3759 1089 3827 Cornelium
1111 3759 1276 3842 Nepotem
1300 3760 1453 3846 (rursus

282 3890 447 3937 recurram
470 3867 545 3933 Alc.
572 3873 638 3949 6‚5;
665 3867 723 3934 cir.
748 3867 861 3951 Lupus
877 3863 1119 3951 ‘Sprachgebn'
1145 3886 1176 3950 p.
1196 3865 1284 3954 205),
1310 3867 1393 3934 ahos
1412 3905 1448 3916 —

282 3972 341 4040 cfr.
366 3972 507 4040 Kihner
529 3991 562 4055 p.
590 3978 673 4038 1052
698 3977 781 4041 extr.
807 3974 863 4058 qui
884 3973 973 4040 haud
995 3972 1257 4057 improbabiliter
1280 3973 1451 4042 existimat

371 4167 394 4236 ¹)
413 4166 542 4222 Ceterum
560 4166 589 4222 in
608 4167 660 4222 hoc
679 4166 863 4224 abundantiae
881 4181 984 4238 genere
1001 4181 1081 4222 nemo
1100 4166 1129 4222 in
1147 4167 1307 4224 memoriam
1326 4166 1448 4224 sibinen

284 4255 428 4311 revocabit
446 4256 531 4311 verba
554 4255 723 4321 Thucydidis
747 4255 786 4325 (ΙΙ
809 4258 844 4311 36
866 4255 941 4327 init.)
959 4254 1087 4328 Ἄρξομαι
1110 4252 1132 4307 d
1152 4254 1208 4306 ἀπὸ
1230 4257 1288 4307 τῶν
1310 4255 1449 4328 προγόνων

279 4343 606 4486 ἴξέτὶῗὴθὲᾚιᾳυαω
629 4344 740 4400 minima
764 4343 824 4400 dioc
844 4345 976 4400 Varronis
1000 4343 1198 4402 abundantiam
1222 4359 1271 4413 pro
1295 4344 1446 4415 graeciamo
