3070 4828
600 191 820 250 ..69-

122 363 315 431 sententiaa
337 361 495 446 partium)
519 361 617 431 facile
644 363 861 449 intellegitur.
909 364 1049 433 Omnino
1072 369 1186 431 autem
1208 365 1296 447 apud

121 468 302 550 scriptores
319 469 473 552 antiquos
490 471 662 538 verborum
685 471 896 538 collocationi
910 472 977 540 vim
992 465 1102 538 ines'se
1123 491 1144 538 a
1159 477 1294 540 nostrae

124 575 252 644 aetatis
274 575 397 660 linguis
423 577 522 661 plane
538 577 702 645 diversam
717 577 840 659 primus
864 577 1026 662 copiosius
1054 577 1295 646 demonstravit

123 683 340 766 Nagolsbach
363 683 399 749 in
420 682 504 750 libro
528 683 662 769 egregio
694 682 830 767 (Stilist.
855 683 875 771 ξ
907 691 967 750 166
997 681 1083 767 sqq).
1131 683 1196 770 Qui
1219 702 1294 751 con·

122 788 270 855 iunctam
286 808 360 856 esso
384 788 531 856 ostendit
548 789 796 857 collocationem
811 792 983 857 verborum
1005 790 1041 856 in
1055 789 1170 875 lingua
1185 791 1294 857 latina

122 897 169 976 (et
193 895 227 962 in
251 914 373 980 graeca
396 914 532 978 quoque,
557 896 616 962 sed
639 915 679 963 aa
702 896 784 962 nibil
807 897 851 962 ad
872 900 945 978 nos)
974 915 1046 964 corn
1070 914 1109 963 ea
1133 896 1293 963 sermonis

121 1001 330 1084 proprietate
369 1006 408 1070 nt
446 1007 521 1070 tota
554 1001 695 1069 elocutio
726 1002 760 1069 in
791 1003 969 1070 antithetis
1008 1006 1169 1071 versatur.
1219 1002 1293 1068 Iam

122 1126 201 1175 vero
225 1107 362 1175 duarum
381 1107 547 1175 rationum
570 1107 687 1190 quibus
710 1111 855 1176 membra
878 1110 1031 1194 opposita
1054 1109 1142 1176 inter
1176 1127 1212 1175 se
1242 1127 1293 1175 re-

124 1213 285 1297 spondere
297 1218 445 1297 possunt,
463 1233 545 1295 quas
558 1214 695 1282 chiasmi
708 1221 743 1282 et
752 1218 940 1300 anaphoras
951 1216 1135 1284 nominibus
1146 1214 1294 1282 breviter

125 1320 328 1406 significavit
343 1320 568 1406 ngelsbacb
590 1341 662 1388 cum
685 1322 861 1389 cuiuslibet
877 1323 1022 1391 auctoris
1045 1321 1293 1403 unumquodque

119 1427 192 1495 fere
220 1427 430 1495 enuntiatum
457 1428 607 1510 exempla
640 1428 810 1496 exhibeat:
839 1429 868 1497 si
895 1429 967 1512 quis
991 1429 1035 1495 ad
1061 1448 1160 1496 unum
1184 1429 1292 1496 omnia

122 1553 163 1601 ea
197 1534 352 1618 colligere
383 1537 418 1600 et
448 1553 507 1616 per
536 1553 659 1619 genera
688 1535 886 1604 distribuere
913 1535 1081 1620 instituat,
1113 1536 1157 1603 ad
1186 1537 1293 1618 ipsam

120 1641 263 1724 figuram
290 1640 521 1724 explicandam
546 1658 654 1725 pauca
681 1641 829 1710 conferre
856 1642 995 1726 poterit;
1019 1641 1054 1708 id
1076 1645 1207 1709 tantum
1230 1643 1292 1708 hoc

120 1765 254 1813 munere
278 1751 432 1830 suscepto
457 1746 580 1814 certius
602 1747 728 1830 poterit
744 1748 881 1834 definiri,
906 1753 1014 1816 utram
1032 1749 1168 1832 quiaque
1191 1749 1292 1831 scrip-

118 1857 175 1920 tor
197 1853 335 1922 formam
358 1853 458 1921 alteri
480 1853 687 1936 praetulerit.
1329 1875 1331 1880 ·

661 2051 680 2131 ξ
706 2055 756 2114 53.

211 2172 267 2240 Ad
291 2171 475 2241 Varronem
504 2172 590 2254 quod
619 2172 760 2256 attinet,
790 2189 861 2240 oum
884 2191 948 2239 non
972 2174 1087 2240 eadem
1115 2173 1291 2257 diligentia

120 2279 288 2364 perpolita
312 2279 381 2347 sint
405 2279 475 2347 eius
498 2297 607 2363 opera,
633 2279 836 2364 singularum
855 2277 1000 2362 partium
1015 2297 1093 2346 usus
1109 2279 1292 2361 separatim

118 2386 318 2454 tractandus
343 2386 417 2454 erit.
465 2388 634 2473 Quantum
656 2405 742 2454 nunc
764 2385 910 2454 indicare
934 2385 1013 2452 mihi
1044 2385 1123 2453 licet
1146 2422 1188 2434 -
1213 2405 1290 2454 nam

116 2494 146 2562 si
172 2498 280 2561 totam
302 2513 371 2562 rem
395 2493 438 2560 ad
460 2493 558 2560 finem
580 2493 759 2576 perducere
782 2493 968 2577 voluissem,
999 2492 1062 2559 hac
1085 2511 1151 2560 ona
1175 2511 1290 2576 quaes·

116 2602 209 2669 tione
226 2601 395 2669 continere
411 2619 462 2668 me
479 2600 638 2670 debebam
655 2637 695 2648 -
713 2599 958 2684 parallelismus
975 2601 1049 2682 (hoc
1061 2600 1145 2667 enim
1162 2601 1290 2667 nominc

115 2707 241 2776 rectius
266 2714 396 2776 utemur
418 2726 516 2792 quam
540 2710 742 2793 anaphorae;
768 2707 827 2775 cfr.
851 2707 890 2774 L.
915 2727 945 2776 v.
971 2708 1211 2792 Jan,}31atter
1238 2707 1291 2773 fiir

115 2816 210 2899 bayr.
235 2813 395 2900 Gymnas.
418 2816 477 2884 111
505 2815 581 2901 272)
613 2814 717 2882 etiam
748 2814 835 2898 apud
863 2816 1048 2886 Varronem
1079 2813 1210 2895 saepius
1240 2812 1289 2879 in-

114 2921 250 2990 venitur
273 2941 371 3004 qoam
394 2922 568 2990 chiasmus.
615 2921 777 3004 Exempla
800 2919 986 2998 abundant;
1011 2919 1211 3003 paucissima
1235 2939 1289 2986 ex·

114 3028 273 3095 scribam:

114 3135 174 3202 ΠΙ
201 3141 251 3218 1,4
275 3142 305 3204 ct
327 3138 366 3203 c'a
388 3158 463 3221 poce
486 3159 507 3204 o
529 3138 661 3204 ramicis
683 3135 845 3206 Romania
867 3137 1036 3205 alebantur

276 3250 305 3310 et
328 3244 367 3310 c’a
389 3244 466 3310 betto
488 3244 526 3310 ob
648 3244 700 3311 hia
866 3244 1081 3324 docebamus·

115 3347 176 3414 ΠΙ
201 3352 275 3423 5,14
301 3349 416 3434 quibas
438 3367 523 3428 opaco
544 3350 754 3418 ministrator
771 3370 832 3434 per
855 3348 1082 3430 canaliculato,

437 3458 525 3524 abac
547 3456 682 3524 obicitur
775 3456 832 3522 sub
854 3461 968 3537 rotem·

329 3560 388 3626 ΙΠ
414 3567 487 3639 17,4

14 3757 15 3770 ἶ
112 3668 514 3737 otP.etc...loccolotosm.
527 3669 778 3738 habeatnrcotas
800 3668 1105 3736 obidiscolorcsac'ot
1165 3688 1265 3751 ceree,

113 3778 160 3843 ao'c
181 3776 217 3842 hi
314 3777 468 3844 locolotos
527 3775 1286 3862 booeocptsoiaasootdtspcrllescantaplora&

14 3979 15 3986 ἵ
113 3881 148 3950 V
174 3884 234 3944 109
259 3889 297 3950 ot
327 3884 463 3951 modom
530 3884 670 3952 nimiam
692 3883 782 3950 habet
803 3882 948 3949 humoris

258 3991 305 4058 sc'c
327 3996 487 4058 accootam
507 4011 626 4074 perata
692 3990 782 4058 habet
803 3991 890 4072 saca·

114 4095 166 4166 VI
179 4100 220 4158 96
233 4095 295 4164 Sed
310 4097 464 4182 pacatiora
480 4098 518 4165 ia
532 4097 590 4164 boc
604 4098 642 4163 dc
654 4097 769 4181 peccota
817 4096 910 4162 rebus
925 4096 1018 4162 carbo
1032 4095 1094 4180 fecc'
1159 4093 1269 4176 ploro,

602 4204 639 4270 de
649 4203 801 4288 plorabas
816 4203 907 4268 rebus
923 4202 1016 4267 verbo
1030 4200 1150 4284 foetosa
1160 4219 1286 4282 pontof

112 4307 247 4378 V1117
273 4309 448 4394 acquehc’c
531 4311 617 4376 locos
719 4315 764 4376 ost
786 4315 949 4376 terraram
970 4306 1102 4387 amicta,
1152 4377 1155 4383 ,

273 4437 375 4501 aeque
398 4421 507 4484 moster
528 4415 697 4484 umbilicos
720 4423 765 4484 est
786 4414 926 4482 domicia
970 4410 1104 4480 medica.
