3070 4828
550 183 769 243 ..47-

86 358 251 444 propositio
280 356 427 425 relativa
451 353 610 440 originem
632 354 724 422 ducit
747 353 782 421 Il
807 360 881 438 9,15
906 375 979 424 cum
1001 357 1135 425 mactis
1157 359 1241 443 copi·

86 470 149 554 totis
178 487 260 549 pace
289 468 382 536 a'rdrc
405 466 520 552 cupito.
560 461 661 530 onius
683 460 748 527 loci
770 479 864 528 usum
885 461 1085 544 pronominis
1107 460 1244 530 relativi

87 573 133 640 cir.
164 592 236 640 curn
266 571 319 639 bis
349 570 461 641 verbis
491 570 629 652 1111,c
660 592 733 638 curo
755 571 873 638 caduco
894 570 1085 650 inceperant
1107 592 1192 654 ocos,
1223 592 1244 637 c

86 701 136 764 pao
155 682 271 750 sudore
292 682 356 746 etc.

85 839 131 907 De
152 838 345 907 modorum
368 837 407 904 in
430 832 654 904 enuntiatis
678 833 929 902 secundariis
952 851 1024 901 usu
1047 837 1078 918 (ς
1100 837 1243 916 32-37).

615 961 710 1042 §32⁸

161 1071 209 1140 Ut
233 1089 333 1154 snpra
357 1071 388 1152 (ξ
413 1069 468 1149 25)
492 1085 564 1134 cum
588 1064 629 1132 de
651 1063 807 1135 infinitivi
830 1085 891 1134 usu
914 1068 1016 1135 verba
1032 1065 1098 1134 feci
1113 1067 1154 1135 de
1170 1086 1244 1152 pro·

85 1178 146 1261 pria
174 1179 243 1243 eius
267 1176 303 1244 vi
326 1193 366 1242 ac
387 1177 511 1242 natura
535 1171 761 1254 quaesiturum
783 1192 835 1241 me
858 1192 932 1241 esse
955 1193 1170 1259 negaveram,
1195 1173 1245 1243 sic

86 1303 119 1351 ne
153 1284 206 1351 hic
240 1283 371 1365 quidem
406 1281 567 1348 aberrabo
601 1280 636 1347 in
671 1278 932 1347 coniecturarum
967 1280 1008 1348 de
1042 1280 1245 1351 coniunctiui

88 1389 201 1476 origine
236 1408 387 1472 campum
420 1387 595 1468 lubricum,
635 1385 694 1453 sed
732 1385 837 1469 ipsum
875 1405 969 1454 nsum
1002 1387 1246 1459 Varronianum

89 1495 278 1564 adumbrabo
302 1514 409 1579 pauca
431 1497 564 1560 tantum
587 1493 670 1559 haec
692 1491 878 1575 praefatus:

167 1603 250 1673 Cum
262 1602 438 1671 enuntiata
450 1599 615 1668 inferioris
627 1599 751 1666 ordinis
762 1618 804 1665 ex
815 1598 998 1668 enuntiatis
1009 1600 1175 1685 primariis
1184 1602 1247 1669 ori·

87 1711 184 1794 ginem
194 1709 372 1793 traxerint,
386 1727 427 1775 ea
435 1706 612 1776 enuntiata
624 1725 708 1788 quae
717 1705 934 1775 indicativum
946 1708 1074 1775 modum
1087 1708 1245 1776 exhibent

87 1817 293 1885 vetustiorem
324 1814 454 1882 dicendi
477 1814 616 1880 formam
637 1813 816 1881 retinuisse
832 1818 973 1898 apparet
989 1833 1085 1897 qnam
1104 1835 1245 1898 eaquae

88 1923 328 1991 coniunctivum.
367 1919 483 2003 Atque
505 1925 544 1987 ιιι
567 1919 696 1987 omnino
716 1919 918 1989 indicativus
939 1921 974 1988 in
996 1920 1092 1990 libris
1112 1924 1246 2007 propius

88 2029 124 2095 ad
154 2047 337 2098 sermonem
371 2025 572 2094 cotidianum
608 2027 843 2095 accedentibus
876 2045 958 2110 prae
992 2029 1040 2096 eis
1070 2031 1247 2112 praevalet

88 2154 210 2216 quorum
241 2140 396 2202 suctores
427 2133 568 2200 sermoni
597 2133 749 2217 poliendo
780 2134 887 2219 magis
918 2153 1051 2217 operam
1074 2136 1246 2220 dederunt,

88 2242 129 2309 sio
156 2244 259 2312 etiam
282 2244 392 2314 Varro
423 2259 654 2322 nonnunquam
682 2240 901 2309 indicativum
930 2246 1071 2325 usurpat
1101 2241 1157 2309 ubi
1188 2242 1247 2310 alii

89 2349 258 2433 scriptores
294 2365 429 2431 quorum
465 2345 594 2413 dicendi
629 2365 733 2431 genus
767 2367 789 2414 a
822 2346 916 2432 volgi
947 2366 1096 2416 sermone
1123 2349 1247 2418 maiore

88 2454 254 2526 intervallo
285 2459 382 2522 abest
406 2472 504 2536 quam
527 2451 770 2523 Varronianum
794 2454 1002 2523 coniunctivo
1026 2456 1117 2524 usuri
1140 2462 1246 2524 erant.

166 2562 217 2631 At
252 2553 481 2630 coniunctirus
517 2579 643 2642 quoqne
674 2559 724 2626 ita
754 2560 923 2629 invenitur
952 2565 991 2627 ut
1022 2562 1092 2630 eius
1120 2581 1198 2631 usus
1227 2583 1248 2630 a

87 2671 227 2738 sollemni
258 2669 389 2736 dicendi
419 2666 655 2734 consuetudine
686 2667 813 2734 alienus
843 2668 898 2735 sit.
938 2667 1082 2754 Quorum
1105 2670 1249 2737 locorum

87 2782 232 2844 naturam
263 2776 313 2844 sio
343 2775 562 2858 expediemus.
602 2775 651 2841 Ut
681 2773 716 2840 in
739 2773 816 2841 aliis
839 2774 1034 2857 quibusdam
1056 2777 1168 2856 rebus,
1200 2775 1249 2842 sic

86 2880 115 2948 in
144 2881 345 2950 coniunctivi
376 2898 438 2948 usn
467 2879 647 2947 transitum
671 2880 833 2960 quendam
857 2881 1064 2966 assignificat
1086 2881 1249 2952 Varronis

87 2989 236 3074 elocutio,
269 3007 342 3056 cum
373 3007 413 3054 ea
443 2987 578 3071 linguae
605 2989 722 3052 aetate
745 3006 843 3070 qnam
866 3007 908 3054 ex
930 2986 1091 3059 Varronis
1115 2987 1250 3072 scriptis

85 3097 305 3181 cognoscimus
333 3094 562 3163 coniunctivus
590 3094 625 3160 in
654 3094 838 3161 enuntiatis
868 3094 1071 3162 secundariis
1088 3094 1195 3180 magis
1215 3094 1251 3161 in

24 3245 25 3252 ι
86 3221 176 3271 nsum
199 3205 314 3273 venire
336 3201 617 3283 indicativumque
639 3202 818 3285 reprimere
834 3200 990 3283 coeperit.
1027 3200 1250 3286 Quamobrem

87 3327 154 3376 cum
185 3311 277 3395 leges
309 3315 423 3376 certae
452 3309 594 3375 nondum
626 3314 739 3376 essent
771 3306 989 3387 constitutae,
1020 3324 1250 3387 nonnunquam

85 3413 131 3482 ita
159 3417 261 3483 etiam
288 3417 365 3500 poni
392 3415 540 3484 videmus
570 3413 812 3483 coniunctivum
837 3416 911 3498 (quo
934 3418 1093 3496 usurpato
1116 3417 1252 3496 propter

84 3519 184 3602 ipsius
206 3527 361 3590 naturam
384 3521 571 3606 elegantior
592 3521 632 3587 fit
655 3521 762 3587 oratio
786 3523 821 3586 et
844 3519 1014 3587 sententia
1036 3519 1132 3602 quasi
1151 3520 1251 3604 plane

86 3627 150 3694 alia
177 3629 249 3696 luce
271 3629 474 3711 illustratur)
501 3634 540 3696 ιιι
563 3627 668 3695 ceteri
689 3626 821 3695 minime
844 3626 1003 3697 Varronis
1025 3645 1121 3694 usum
1144 3627 1253 3695 secuti

87 3734 126 3799 ad
153 3735 327 3817 pristinum
350 3734 460 3818 potius
482 3733 699 3803 indicativum
721 3733 891 3802 redierint.
933 3733 1127 3803 Istiusmodi
1149 3734 1254 3819 igitur

85 3837 163 3907 locis
197 3841 291 3909 nobis
326 3840 460 3910 videtur
495 3840 703 3909 coniunctivo
729 3841 839 3909 inesse
879 3840 1023 3922 quaesiti
1057 3840 1183 3923 aliquid
1217 3846 1253 3909 et

87 3945 236 4014 affectati
271 3965 333 4030 quo
376 3947 520 4031 scriptor
554 3947 804 4032 aprimigenia
842 3947 1007 4016 scribendi
1035 3947 1253 4032 simplicitate

88 4054 307 4135 communique
330 4056 515 4123 ceterorum
539 4054 773 4122 consuetudine
795 4054 894 4141 longe
915 4054 1053 4123 recedat
1067 4053 1102 4135 1).

24 4321 25 4336 ¹
179 4247 200 4317 ¹)
218 4247 250 4303 ln
269 4247 423 4305 miserfima
441 4249 573 4305 librorum
593 4248 758 4318 scriptorum
777 4247 937 4304 condicione
960 4246 1105 4315 utriusque
1128 4245 1200 4315 quod
1224 4246 1254 4302 in

91 4348 199 4390 censum
216 4337 294 4393 verrit
313 4337 404 4408 operis
417 4337 582 4394 Varroniani
600 4351 662 4393 cum
680 4337 811 4394 iudicium
823 4341 949 4393 nostrum
960 4335 1020 4392 fene
1031 4342 1122 4392 tatum
1134 4337 1255 4408 pendeat

90 4437 119 4476 ex
136 4422 191 4479 fido
210 4439 290 4492 quam
308 4441 472 4498 unoquoque
490 4428 550 4486 loco
569 4428 694 4486 codicum
718 4428 872 4498 scripturae
890 4425 1044 4484 habandam
1059 4441 1124 4486 osas
1144 4441 1255 4487 canses·
