3070 4828
733 203 952 260 ...73-

258 394 294 442 su
322 376 528 459 opponuntur
563 374 695 439 dicenda
723 376 854 456 fucrant
882 379 917 441 et
944 374 1191 440 contendendum
1220 379 1276 438 cet.
1332 372 1435 456 Apud

257 483 441 552 Varronem
473 479 610 562 omisi§
640 487 658 544 6
687 481 722 545 in
751 481 873 562 Apulia
895 480 1034 546 44144444
1057 485 1121 547 etc.
1151 480 1237 563 quod
1261 499 1302 547 44
1325 481 1435 546 verba

258 586 475 671 appositionis
499 587 609 654 instar
632 586 749 654 addita
765 591 843 654 eunt
867 587 937 655 sine
961 589 1062 655 verbo
1084 587 1194 670 finito;
1224 592 1341 653 contra
1366 588 1383 670 ξ
1415 593 1432 650 1

257 695 312 777 pai
338 695 374 759 ia
400 715 475 778 apro
502 699 670 760 versantur
697 695 732 758 ta
758 694 863 776 aliquo
891 715 981 777 opere
1008 694 1154 776 sumendo
1185 693 1236 761 bis
1267 697 1305 760 ut
1332 692 1437 761 debui

258 801 429 870 numeravi
454 800 526 888 (cfr.
549 821 581 885 p.
607 807 649 864 44
674 799 748 866 adn.
776 802 818 887 1).

345 908 395 975 ut
434 908 478 975 ad
513 907 635 974 obiecti
670 907 919 975 collocationem
955 908 1103 987 redeam,
1140 907 1304 974 latissime
1343 907 1437 989 apud

257 1016 440 1087 Varronem
463 1014 493 1082 is
517 1014 595 1081 ordo
618 1017 716 1097 patet
739 1019 777 1080 ut
801 1013 941 1090 obiecto,
966 1015 996 1081 ei
1016 1013 1184 1083 adiectivo
1208 1017 1342 1082 auctum
1365 1019 1435 1096 est,

258 1123 394 1190 verbum
422 1120 550 1188 finitum
574 1121 772 1198 includatur,
802 1138 908 1203 neque
936 1120 1065 1188 obiecto
1094 1120 1198 1189 solum
1227 1121 1287 1188 sed
1314 1120 1436 1202 quovis

257 1226 469 1297 substantivo
499 1246 572 1294 cum
600 1226 767 1295 adiectivo
797 1227 980 1294 coniuncto.
1032 1227 1115 1294 Loci
1143 1228 1183 1294 de
1211 1227 1329 1310 quibus
1357 1227 1436 1294 dico

258 1339 336 1403 suut
358 1334 408 1401 hi:
432 1336 451 1417 ξ
477 1340 495 1399 2
519 1334 644 1400 urbano
667 1333 883 1402 desiderarent
907 1334 1089 1418 9444444444
1111 1334 1155 1400 ib.
1180 1334 1336 1400 vocubulis
1358 1335 1436 1400 reti·

259 1447 357 1508 acuat
376 1441 516 1525 praecia·
545 1441 562 1525 ἓ
592 1448 610 1505 6
634 1441 806 1522 pecuariae
827 1440 923 1505 habai
943 1441 1096 1524 mamm
1119 1440 1163 1507 ib.
1186 1460 1256 1523 pcc.
1279 1439 1374 1506 lobni
1395 1442 1437 1506 in

257 1548 358 1631 Epeo
373 1567 516 1631 mopaos,
532 1546 716 1629 iterumque
731 1546 920 1614 laudandus
936 1546 991 1614 hio
1006 1549 1097 1614 locus
1113 1550 1133 1629 ξ
1151 1554 1168 1610 5
1185 1546 1295 1612 habere
1310 1553 1436 1612 utrom-

259 1677 317 1742 que
340 1654 426 1720 debet
449 1653 659 1736 disciplinam.
707 1653 837 1722 Omitto
862 1655 879 1737 ξ
909 1660 928 1718 2
952 1654 1035 1736 quod
1056 1654 1131 1720 41444
1158 1657 1361 1720 scrutaverunt
1380 1654 1437 1718 in-

258 1763 404 1829 stitutum
431 1764 568 1843 propter
593 1778 769 1843 pronomen
796 1759 986 1828 relativum.
1040 1759 1167 1829 Oontro
1197 1760 1232 1827 in
1260 1759 1434 1828 Ciceronis

259 1868 403 1952 epistula
427 1867 531 1949 (cuius
554 1867 589 1933 in
603 1866 714 1934 fronte
737 1885 821 1948 quae
836 1868 993 1952 leguntur
1015 1873 1131 1949 pacato
1151 1870 1261 1950 fructu
1283 1869 1344 1933 sim
1355 1869 1430 1949 pri-

259 1981 352 2041 uatus
383 1980 436 2040 et.
456 2026 461 2038 .
479 1978 509 2038 et
531 2020 563 2039 ..
587 1977 778 2056 praetereo,
811 1974 897 2056 quod
927 1973 1095 2043 adiectiva
1129 1993 1194 2042 non
1225 1977 1318 2042 arcte
1353 1993 1432 2040 cum

258 2081 386 2150 nomine
410 2081 590 2147 cohaerent
613 2079 671 2147 sed
694 2079 882 2163 explicandi
910 2099 1011 2149 causa
1039 2081 1156 2148 addita
1183 2080 1276 2168 sunt)
1301 2081 1431 2148 duobus

260 2192 393 2256 tantum
416 2187 498 2254 locis
522 2186 723 2255 adiectivum
745 2187 995 2257 asubstcntiuo
1019 2192 1208 2271 separatum
1233 2191 1286 2255 est
1310 2191 1363 2270 (ac
1385 2207 1433 2254 ue

260 2299 339 2364 sunt
369 2294 499 2377 quidem
530 2294 663 2377 propria
692 2293 875 2372 4411444144,
908 2295 967 2362 sed
987 2296 1156 2363 numerale
1187 2299 1222 2362 et
1252 2311 1435 2377 pronomen

257 2400 494 2485 possessivum)
519 2403 537 2482 ξ
562 2407 582 2464 4
605 2421 688 2466 anae
719 2401 795 2465 miti
816 2401 893 2466 seito
920 2401 1043 2466 litteras
1066 2406 1130 2468 444.
1159 2405 1195 2467 44
1218 2399 1238 2488 ξ
1264 2404 1282 2464 5
1311 2421 1350 2466 ca
1371 2405 1434 2465 tao

254 2508 409 2591 petebam
431 2506 605 2582 nolentata
621 2507 737 2588 quibus
760 2507 842 2574 locis
865 2508 968 2576 verba
989 2508 1158 2590 exscripta
1172 2507 1304 2574 initium
1328 2524 1433 2573 enun-

258 2614 340 2682 tiati
363 2612 520 2696 efficiunt,
553 2632 625 2680 cum
653 2615 740 2697 apud
768 2616 952 2684 Vononem
981 2616 1117 2684 verbnm
1143 2613 1270 2681 finitum
1299 2631 1434 2695 semper

258 2721 497 2805 paenultimam
520 2720 629 2788 sedem
653 2726 779 2806 toneat,
804 2739 920 2788 nomen
945 2739 1016 2789 oum
1037 2721 1202 2790 adiectivo
1218 2721 1369 2788 ultimam
1394 2726 1434 2786 44

259 2826 616 2914 autepaenultimam1).

797 3025 891 3110 §oe

352 3131 536 3201 Varronem
559 3129 720 3215 singulari
748 3133 879 3202 ratione
903 3153 1014 3202 emere
1036 3132 1072 3198 in
1089 3131 1332 3214 ‘comparativis
1355 3150 1433 3199 eam

260 3238 435 3307 verborum
449 3237 697 3305 collocationem
711 3242 748 3304 ut
757 3241 982 3324 comparativo
993 3241 1028 3307 io
1040 3241 1216 3306 membrum
1232 3236 1433 3322 praemittat

261 3344 346 3425 quod
369 3363 411 3410 ox
432 3343 600 3426 particule
622 3365 716 3427 poam
738 3347 871 3428 pendet,
901 3348 1061 3415 neminem
1085 3346 1182 3432 fugit.
1229 3345 1336 3411 Locos
1360 3345 1432 3426 qui·

259 3452 320 3517 bus
351 3449 404 3516 hic
435 3450 513 3517 ordo
543 3450 712 3518 invenitur
743 3454 878 3538 collegit
908 3456 1028 3523 Reiter
1057 3475 1088 3538 p.
1122 3460 1172 3519 67.
1225 3452 1318 3520 Idem
1351 3450 1433 3518 ordo

259 3556 432 3625 verborum
463 3556 566 3623 etiam
594 3557 681 3638 apud
709 3559 793 3626 alios
821 3562 1002 3644 scriptores
1029 3559 1166 3644 legitur,
1196 3578 1223 3626 4.
1254 3577 1286 3642 g.
1315 3557 1432 3624 Plaut.

260 3661 350 3727 Trin.
376 3667 439 3726 903
463 3667 499 3728 44
523 3669 601 3746 944;
626 3663 694 3731 Oic.
719 3686 778 3749 pro
801 3667 871 3734 Mil.
898 3674 916 3730 9
942 3670 1026 3732 extr.
1051 3671 1114 3732 etc.

349 3765 441 3832 Aodi
468 3768 592 3849 poterit
618 3777 754 3851 praeter
781 3791 837 3839 eos
865 3772 953 3839 locon
981 3790 1061 3853 quos
1089 3771 1208 3839 Reiter
1231 3791 1262 3856 p.
1289 3778 1328 3837 67
1355 3772 1432 3839 adn.

351 3996 372 4067 ¹)
391 3995 515 4052 Eundem
541 3997 620 4054 verbi
642 3999 714 4056 finiti
739 4002 946 4059 collocationem
973 4001 1045 4071 opud
1067 4002 1216 4071 Apuleium
1240 4001 1381 4070 frequenti
1404 4002 1435 4058 in

262 4100 315 4141 uon
333 4101 395 4142 4444
413 4090 508 4141 mouet
526 4084 651 4142 Schmnlz
670 4087 731 4144 Stil.
751 4089 768 4161 fi
786 4091 829 4158 45,
849 4094 873 4148 2.
910 4091 986 4146 Idem
1005 4090 1077 4158 quod
1096 4090 1164 4147 dicit
1176 4090 1192 4162 ξ
1205 4093 1253 4148 44:
1274 4091 1436 4160 „Wthrenti

261 4174 356 4231 Cicero
380 4174 425 4231 elie
449 4174 600 4247 Trenuung
623 4193 677 4233 von
701 4178 792 4234 Subet.
816 4180 871 4234 uml
891 4179 1017 4236 Attribut
1041 4195 1092 4234 nur
1116 4179 1202 4235 durch
1221 4178 1348 4236 eintoche
1367 4180 1435 4236 oder

261 4264 478 4334 prtpoeitionole
502 4265 845 4335 neus-Bestimmungen
869 4273 1010 4338 geetuttet
1036 4269 1105 4324 ete.“
1131 4284 1184 4324 non
1209 4268 1344 4340 intellego
1368 4284 1436 4324 num

261 4353 347 4407 verbo
365 4352 443 4409 finito
461 4359 595 4423 utraeque
613 4371 695 4412 voces
715 4355 838 4424 eepareri
856 4372 937 4425 poeee
955 4365 1049 4427 neget.
1086 4357 1157 4412 Nam
1175 4363 1353 4426 cuperantur,
1379 4359 1436 4414 etei

261 4454 334 4504 reno,
353 4447 385 4494 nt
403 4441 528 4498 vidimus.
