3070 4828
578 1227 677 1297 Pars
700 1225 752 1297 IL
781 1287 786 1296 .

184 1389 280 1508 De
320 1391 698 1507 elocutione
735 1389 1160 1510 Varroniana

486 1567 624 1652 capita
647 1571 846 1650 quattuor.

575 1798 705 1884 Oaput
728 1801 756 1867 I.

403 1921 458 1991 De
482 1920 715 1991 abundantia
739 1922 936 1992 sermonis.

620 2049 716 2129 §aa

174 2153 251 2220 (lum
277 2153 366 2236 apud
385 2153 508 2220 nullum
525 2152 717 2236 scriptorem
734 2153 844 2221 desint
861 2153 1012 2236 exempla
1028 2155 1253 2222 abundantiae

94 2259 266 2344 cuiusdam,
302 2259 462 2342 imprimis
497 2259 584 2341 apud
618 2278 673 2326 eos
708 2259 851 2328 inveniri
880 2266 1038 2344 poterunt
1068 2261 1124 2343 qui
1155 2281 1254 2344 quam

93 2367 229 2446 proxime
269 2367 433 2434 accedunt
468 2367 512 2432 ad
546 2385 725 2434 sermonem
760 2368 932 2452 vulgarem
967 2388 1062 2451 quem
1097 2369 1256 2436 eiusmodi

92 2473 213 2554 plenam
243 2474 460 2541 elocutionem
489 2473 524 2540 in
548 2474 675 2541 deliciis
699 2475 822 2541 habere
846 2476 949 2543 ctiam
972 2477 1060 2560 apud
1083 2481 1254 2545 nostrates

91 2580 294 2664 cognoscitur
310 2581 346 2667 ²).
765 2652 767 2656 ,

174 2687 228 2756 Sic
251 2687 367 2754 Cicero
400 2706 462 2769 qno
493 2687 598 2754 maior
625 2691 709 2755 natu
738 2707 897 2771 quemque
919 2688 1038 2756 librum
1062 2689 1254 2771 composuit,

91 2811 123 2858 eo
156 2794 262 2879 magis
300 2813 320 2859 a
356 2794 556 2876 pleonasmis
591 2794 647 2876 qui
686 2794 840 2862 dicuntur
878 2796 1042 2862 abstinuit
1058 2794 1099 2882 ⁹);
1139 2801 1256 2861 contra

91 2898 214 2967 libellus
238 2901 278 2966 de
295 2900 391 2967 Bello
407 2899 625 2982 Hispaniensi
648 2900 740 2967 cuius
764 2905 891 2984 auctor,
916 2901 946 2968 si
968 2901 1040 2984 quis
1065 2900 1160 2983 alius,
1185 2903 1255 2971 vul·

92 3006 161 3089 gari
184 3025 331 3074 sermone
354 3006 471 3086 utitur,
497 3006 645 3072 abundat
667 3007 868 3090 pleonasmis
884 3006 917 3089 8).

174 3112 316 3182 Omnino
339 3132 404 3180 non
428 3113 510 3179 adeo
534 3132 634 3198 saepe
656 3114 868 3196 proferuntur
889 3115 1038 3198 exempla
1054 3115 1255 3199 singulorum

90 3221 280 3302 scriptorum
305 3220 447 3303 propria,
475 3220 538 3286 sed·
556 3222 653 3304 longa
668 3221 858 3303 plerumque
875 3239 915 3286 ea
931 3239 1014 3301 qnae
1031 3222 1118 3302 apud
1134 3223 1254 3288 multos

91 3327 264 3409 scriptores
287 3327 434 3394 redeunt.
473 3325 529 3394 Sic
552 3327 713 3399 Varronis
736 3327 801 3394 loci
824 3327 880 3409 qui
901 3327 964 3392 huc
988 3326 1125 3410 faciunt,
1151 3326 1255 3392 maxi·

179 3521 200 3586 1)
220 3519 280 3587 Qua
305 3519 339 3575 <lc
363 3535 394 3575 re
419 3520 468 3575 cfr.
489 3519 640 3590 Sagebarlc,
659 3520 733 3576 Dies.
752 3519 814 3575 Hal.
835 3519 873 3574 IV
893 3519 953 3573 298.
991 3515 1161 3586 Quamquam
1179 3523 1256 3576 recte

91 3613 179 3663 monet
198 3608 326 3663 Kiihnast
343 3625 369 3677 p.
389 3610 455 3676 275,
475 3625 557 3678 saepe
576 3608 774 3664 abundantiam
793 3623 863 3678 quas
881 3607 1009 3664 videatur
1033 3607 1096 3676 pari
1121 3607 1182 3666 iure
1206 3626 1256 3678 pro

91 3697 213 3752 ubertate
238 3696 327 3766 accipi
351 3713 448 3766 posse,
472 3698 496 3752 si
522 3697 630 3766 quidem
656 3698 689 3753 <lc
714 3697 819 3752 <luobus
838 3696 963 3753 terminis
983 3697 1118 3754 similibus
1136 3700 1256 3756 alterum

91 3787 175 3842 altero
196 3785 378 3854 qualicunque
395 3786 505 3841 ratione
523 3787 666 3841 immutari
685 3803 717 3841 ac
736 3785 846 3841 deflecti
865 3792 989 3843 statuere
1008 3787 1106 3858 possis.

178 3873 200 3945 Ι)
220 3875 280 3942 Qua
299 3875 333 3931 ‹lc
351 3891 384 3930 re
404 3875 453 3930 cfr.
473 3875 616 3931 Hellmuth
634 3875 695 3931 Act.
711 3874 780 3931 Sem.
794 3875 879 3931 Erll
899 3877 959 3944 165,
978 3877 1140 3933 Thielmann
1158 3894 1183 3946 p.
1197 3877 1258 3931 361.

95 3962 123 4017 ln
143 3962 312 4018 orationibus
331 3963 493 4032 Philippicis
512 3979 627 4032 quarum
647 3980 735 4019 sermo
755 3963 839 4019 etiam
859 3964 921 4020 aliis
939 3965 969 4021 in
992 3966 1129 4021 rebusad
1152 3964 1258 4033 priores

92 4050 176 4107 libros
196 4052 310 4120 propius
330 4053 438 4108 accedit
456 4053 641 4109 abundantias
660 4052 784 4121 exempla
802 4069 857 4108 non
875 4069 939 4109 raro
957 4053 1075 4110 inveniri
1093 4053 1173 4107 docet
1185 4053 1259 4106 Hau·

92 4140 175 4195 schild
193 4139 266 4195 Diss.
286 4141 350 4195 Hal.
370 4142 488 4196 V1282.

178 4228 199 4299 θ)
219 4228 276 4285 Otr.
319 4230 481 4300 Degenhart
503 4229 547 4287 ‘ds
570 4230 692 4285 auctoris
719 4229 790 4285 Belli
815 4229 1007 4298 Hispaniensis
1037 4225 1200 4284 elocutione'
1232 4245 1258 4298 p.

93 4319 105 4371 2
125 4333 184 4386 sqq.
222 4318 295 4374 Vide
320 4318 404 4374 ctiam
421 4318 527 4374 Kohler
550 4318 594 4373 ‘de
620 4325 693 4374 auct.
713 4317 784 4373 Belli
802 4318 862 4372 Afr.
882 4326 911 4372 ot
928 4318 1006 4386 Hisp.
1030 4316 1179 4372 latinitate’
1197 4318 1259 4374 Act.

93 4405 159 4462 lem.
179 4405 236 4461 Erl.
256 4406 342 4461 1445
362 4411 391 4462 et
408 4407 453 4478 (de
473 4407 550 4462 Bello
571 4405 676 4478 Africo)
695 4405 820 4462 wolfflin
839 4406 922 4460 Aroh.
941 4405 981 4460 Vl
1000 4406 1052 4462 103
1070 4421 1111 4472 sq·
