3070 4828
738 209 956 268 ..52-

346 381 422 450 Hoc
453 381 672 464 exemplorum
703 383 883 464 conspectu
913 397 1108 462 quamquam
1136 399 1202 447 non
1230 400 1340 448 omnes
1368 381 1437 448 loci

259 489 315 572 qui
337 489 401 555 huc
424 486 593 571 pertinent
617 487 874 570 continentur),
906 493 1020 554 tamen
1042 487 1076 553 id
1099 488 1153 556 vel
1176 488 1261 556 satis
1293 492 1438 572 apparot
1522 531 1523 534 =

259 595 363 661 multo
390 593 630 676 frequentiores
659 612 715 661 eos
744 612 818 660 esse
845 593 997 660 inlibris
1021 593 1061 659 de
1085 594 1107 659 l.
1131 594 1153 660 l.
1178 613 1276 675 qnam
1298 594 1332 660 in
1354 614 1382 659 r.
1409 615 1436 661 r.

259 701 363 769 libris.
411 699 485 786 Qua
509 719 580 767 cum
603 719 640 766 re
663 700 693 766 si
717 699 951 767 contulerimus
975 704 1010 766 et
1034 703 1182 767 aetatem
1210 719 1275 782 qua
1302 699 1439 782 utrique

260 808 337 875 libri
360 806 533 891 compositi
555 811 647 889 sunt,
679 810 715 872 et
737 805 946 890 diligentiam
969 825 1066 888 quam
1094 806 1130 872 in
1153 805 1201 873 eis
1225 806 1439 873 elaborandis

261 915 404 998 scriptor
431 913 596 996 adhibuit,
626 932 666 980 ea
695 931 779 995 quae
808 931 910 994 supra
937 911 970 997 (ξ
995 911 1052 998 32)
1080 911 1220 980 diximus
1250 912 1440 979 confirmari
1522 985 1523 994 χ

260 1022 503 1104 intellegemus.

351 1128 426 1194 Iam
449 1145 528 1193 vero
552 1124 637 1207 qnod
659 1125 694 1192 in
716 1125 768 1192 his
785 1123 945 1192 orationis
962 1125 1112 1208 obliquae
1129 1125 1311 1193 enuntiatis
1328 1125 1439 1193 modo·
1522 1185 1523 1190 ,

262 1252 333 1302 rum
357 1251 435 1300 usus
460 1232 639 1299 etiamdum
661 1231 803 1299 fluctuat
818 1232 905 1314 apud
921 1232 1115 1316 Varronem,
1139 1252 1180 1298 ne
1199 1233 1234 1298 in
1250 1253 1291 1301 ea
1307 1233 1440 1316 quidem

262 1359 299 1408 re
323 1337 550 1406 offendendum
573 1342 626 1406 est
650 1337 735 1419 quod
759 1336 861 1404 etiam
884 1337 938 1404 hic
958 1357 1190 1420 nonnunquam
1206 1358 1247 1404 ex
1262 1359 1325 1406 uuo
1341 1340 1438 1406 modo

261 1445 427 1514 transitur
457 1445 500 1511 ad
531 1445 687 1526 alterum,
725 1463 797 1512 curn
828 1444 935 1528 magis
967 1446 1154 1526 quaesitam
1185 1446 1440 1529 elegantemque

262 1558 466 1620 structuram
498 1551 699 1620 coniunctivi
729 1550 930 1620 indicativus
954 1551 1101 1636 excipiat
1123 1557 1319 1620 transeunte
1343 1553 1439 1620 nimi·

261 1679 333 1728 rum
365 1659 527 1742 scriptore
559 1658 602 1725 ad
632 1657 818 1725 liberiorem
842 1658 1087 1726 enuntiatorum
1111 1659 1312 1742 iuncturam,
1344 1659 1439 1728 velut

262 1767 355 1838 VIII
379 1771 419 1830 62
444 1764 578 1850 (Aiunt)
603 1819 610 1834 .
634 1819 641 1833 .
663 1774 693 1834 et
715 1768 769 1834 ubr'
795 1767 942 1853 fodiatur
964 1775 1146 1855 urqcutuur,
1169 1768 1440 1856 Arqeutr'fodr'uus
1522 1767 1523 1776 ’

263 1877 341 1959 dici,
380 1896 482 1959 ueque
511 1875 567 1943 ubr‘
599 1873 745 1955 fodiatur
775 1877 913 1960 ferrura,
949 1874 1196 1960 Ferrifodr'uus;
1231 1878 1288 1958 qui
1318 1877 1440 1956 uptues

264 1983 429 2052 creduut
459 1981 648 2066 Lapurdum
685 1983 741 2066 qur‘
776 1982 880 2067 liquo,
916 1981 1107 2068 &putridus
1142 2003 1211 2049 uou
1241 1983 1323 2065 dicu·
1356 1980 1440 2048 item

263 2089 351 2172 Ι9,7
377 2108 457 2169 quae
478 2089 521 2156 sr't
536 2089 652 2157 uouere
667 2094 754 2155 terro
771 2139 778 2154 .
797 2140 804 2154 .
821 2088 1009 2173 Diophanes
1024 2086 1204 2174 Br‘tltpru'us
1220 2091 1316 2175 curru
1330 2089 1441 2156 scribu
1522 2177 1523 2184 ἵ

264 2198 350 2265 surur'
374 2215 468 2276 posse
498 2201 557 2262 uut
587 2217 626 2262 eu
655 2197 728 2275 r'psu
759 2202 816 2263 uut
839 2217 920 2279 quue
942 2203 1125 2264 umcuutur
1148 2219 1188 2264 eu
1209 2198 1269 2264 ir's:
1296 2219 1335 2263 er
1357 2197 1438 2281 ipsu

264 2304 368 2372 usu
389 2309 477 2370 terra
499 2302 571 2368 aua
638 2353 661 2385 .,
691 2325 730 2371 ru
756 2303 800 2369 r'r'o
827 2309 934 2369 uuteru
959 2320 1040 2382 quoe
1067 2310 1163 2371 cuuto
1191 2309 1270 2370 suut
1294 2305 1380 2389 feru,
1411 2303 1440 2368 sr'

265 2416 358 2478 suut
373 2410 506 2493 proltuu
528 2410 593 2472 etc.
610 2410 646 2472 et
661 2407 720 2472 III
737 2412 811 2490 9,13
828 2405 976 2492 (putant)
1001 2431 1132 2477 eucusos
1142 2411 1251 2495 pullos
1266 2411 1440 2477 subducem·

265 2518 343 2585 duur
370 2537 409 2582 eu
436 2515 576 2600 siupulr's
602 2515 692 2582 uuis
719 2522 749 2582 et
775 2516 993 2583 subluendum
1021 2519 1058 2587 er(
1072 2539 1153 2600 quur
1175 2518 1286 2584 bubeut
1303 2538 1439 2601 paucum
1522 2563 1523 2600 f

267 2624 305 2691 ab
335 2644 432 2706 euque
462 2622 492 2688 εἰ
521 2622 647 2705 reliquo
673 2623 741 2688 sr‘ut
766 2643 824 2690 ouo
841 2623 1014 2707 pauciora,
1043 2624 1182 2692 tolleudu
1205 2630 1234 2716 et
1256 2624 1441 2691 subiciendo
1522 2609 1523 2618 ἵ

267 2731 342 2798 urrs
365 2748 445 2809 quoe
467 2729 614 2795 uouduru
636 2729 854 2796 euouoleruut
876 2736 905 2796 et
919 2731 1030 2798 rur'uus
1045 2731 1160 2798 habeut
1174 2731 1312 2817 triptota
1321 2731 1438 2815 pullos.
1522 2811 1523 2816 ἵ

268 2833 334 2902 Sed
366 2834 511 2900 fortasse
542 2832 683 2916 putandi
712 2835 847 2901 verbum
871 2834 1000 2901 omnino
1023 2854 1088 2902 non
1112 2835 1155 2901 ad
1177 2837 1260 2903 haec
1282 2835 1439 2919 pertinet,
1522 2875 1523 2918 1

268 2958 341 3007 cum
363 2938 475 3008 verbis
500 2942 677 3026 pullos..
707 2943 928 3012 subiciendum
958 2941 1060 3008 etiam
1090 2941 1260 3009 sententia
1283 2942 1441 3026 primaria
1522 2943 1523 3030 ξ

268 3046 355 3114 effici
377 3045 493 3128 possit.
533 3043 627 3130 Quod
650 3046 680 3112 si
702 3045 753 3112 ita
777 3052 839 3124 est,
864 3048 949 3114 hunc
972 3048 1078 3114 locum
1095 3067 1194 3130 supra
1218 3049 1260 3131 (p.
1278 3054 1319 3113 49
1341 3050 1439 3129 extr.)
1522 3031 1523 3090 ³

268 3153 428 3221 debebam
451 3171 703 3220 commemorare
725 3151 782 3219 ubi
805 3153 873 3220 dixi
896 3153 936 3220 de
958 3155 1018 3221 III
1043 3160 1116 3238 16,6
1140 3159 1204 3221 eto.

355 3259 482 3327 Contra
510 3259 682 3326 antecedit
705 3259 881 3357 indicativi
904 3265 1087 3340 structura,
1117 3259 1267 3342 sequitur
1289 3260 1439 3328 coniunc·
1522 3329 1523 3362 ἢ

265 3486 331 3529 rum
346 3471 487 3528 *exhibere
513 3471 614 3542 solent)
639 3471 819 3528 indicativum
844 3471 916 3543 legis
939 3473 968 3528 in
992 3471 1146 3529 enuntiatis
1173 3488 1244 3542 qnae
1267 3471 1389 3543 pendent
1408 3488 1442 3528 ex

265 3559 501 3630 propositionibus
520 3560 649 3616 finalibus
668 3563 681 3616 I
699 3563 761 3630 41,3
780 3566 811 3616 ut
827 3563 876 3632 qui
891 3563 920 3616 iu
941 3579 975 3617 ea
993 3566 1035 3616 cst
1051 3561 1152 3617 ututur
1170 3579 1249 3617 umor
1261 3561 1378 3633 defluam
1396 3559 1441 3617 III

265 3650 327 3717 lus
344 3649 435 3704 Axius
454 3653 547 3705 noster
565 3666 609 3719 uc,
630 3649 694 3704 dum
712 3649 781 3705 burc
800 3650 879 3705 audit
889 3650 1017 3723 physico,
1037 3652 1326 3721 marcescat;114,3;
1345 3651 1370 3706 V
1389 3651 1440 3706 153

267 3743 333 3806 etc.;
352 3737 402 3792 cfr.
421 3736 436 3791 I
456 3739 506 3805 1,8.

300 3867 303 3870 -
359 3826 381 3897 ²)
400 3825 456 3881 Gur
474 3826 614 3884 omiserim
631 3828 707 3885 locos
725 3829 804 3885 velut
822 3830 894 3884 huno
913 3828 954 3885 VI
971 3829 1006 3884 30
1026 3827 1058 3883 Sr'
1075 3829 1236 3900 imprudens
1252 3828 1334 3901 fecit,
1352 3827 1440 3884 bostis

265 3915 345 3987 forta
359 3915 472 3987 piatum
492 3915 518 3969 εἰ
529 3916 658 3986 prudeus
677 3917 756 3985 dixu,
778 3917 930 3984 QMucr'us
948 3917 1040 3972 aicbat
1057 3933 1117 3973 cum
1136 3918 1251 3990 expiari
1272 3934 1328 3972 uou
1344 3932 1436 3988 posse,
1522 3961 1523 3964 ,

269 4007 396 4074 apparet.
433 4002 613 4073 Respondent
636 4005 709 4061 inter
737 4021 766 4062 se
791 4006 844 4062 duo
868 4006 1013 4063 enuntiata
1036 4005 1235 4061 condicionalis
1253 4011 1283 4062 et
1301 4005 1440 4061 sententia

270 4097 300 4149 et
319 4096 478 4163 structura;
503 4096 533 4148 et
550 4096 617 4147 tunc
636 4093 756 4163 demum,
775 4099 921 4164 postquam
941 4093 1054 4163 scripsit
1070 4095 1157 4151 verba
1175 4095 1201 4149 εἰ
1215 4093 1342 4166 prudeus
1361 4094 1439 4160 dixit,

270 4182 312 4236 its
331 4187 499 4237 structuram
517 4185 608 4236 mutat
627 4182 757 4251 scriptor,
781 4188 814 4238 ut
832 4183 868 4238 ad
886 4183 1039 4239 orationem
1059 4182 1198 4252 obliquam
1216 4187 1352 4239 transeat.
1389 4183 1439 4237 Ea·

267 4270 329 4326 dem
348 4269 460 4325 ratione
479 4268 638 4325 defenditur
655 4285 786 4339 praesens
805 4276 914 4341 tempus
932 4272 984 4328 hoo
1002 4273 1062 4327 loco
1075 4272 1104 4326 Il
1117 4274 1161 4340 23
1174 4289 1249 4328 orem
1262 4288 1322 4328 csse
1335 4275 1440 4344 oportet

269 4374 386 4429 corpore
405 4356 502 4427 amplo
522 4397 549 4414 ..
568 4357 639 4413 uillis
657 4358 721 4413 ultis
734 4397 740 4413 .
754 4400 781 4414 ..
809 4357 907 4430 Itaque
925 4377 996 4430 quae
1013 4360 1044 4416 ul
1061 4376 1117 4415 uou
1134 4359 1257 4415 babeat
1275 4360 1334 4432 [sic.
1347 4359 1438 4428 Polit,

267 4445 403 4501 baberent
418 4443 442 4497 B
461 4460 479 4501 r
496 4446 580 4518 male]
600 4447 721 4503 maiores
738 4447 827 4502 rostri
844 4448 940 4518 apicas
959 4446 1137 4519 appellabunt
1154 4465 1188 4503 uc
1206 4446 1359 4506 ructabant.
