3070 4828
609 227 829 285 „29-

125 394 382 481 significandam
401 396 565 466 rationem
580 396 670 464 inter
684 401 858 480 utrumque
874 398 1083 467 enuntiatum
1098 400 1303 470 interceden-

126 507 199 570 tem
224 504 352 572 omnino
375 503 466 572 nulla
489 523 555 573 vox
577 503 623 571 sit
646 509 807 588 usurpata
830 503 863 591 (ξ
888 511 939 570 24.
965 504 1031 592 25),
1062 525 1105 572 an
1127 527 1305 589 pronomen

126 611 309 680 relativum
332 615 363 693 (ξ
388 612 546 696 26-31),
572 630 615 679 au
638 611 837 679 coniunctio.
884 611 1034 679 Tertiam
1056 617 1185 694 partem
1208 614 1306 682 omisi

128 717 284 798 quoniam
300 717 431 784 Reiteri
446 717 680 786 commentatio
696 718 854 802 suppetit.
902 717 1027 786 Contra
1043 717 1305 804 subiungendum

125 823 208 890 mihi
238 843 312 892 esse
335 824 510 891 censebam
533 825 665 894 brevem
690 824 934 892 enarrationem
957 825 1122 892 modorum
1144 825 1179 892 iu
1203 846 1305 893 enun-

127 930 228 998 tiatis
252 929 456 999 secundariis
479 935 711 1014 usurpatorum
734 930 768 1019 (ξ
794 932 949 1017 32-37).

667 1129 686 1210 a
712 1132 763 1190 ar.

222 1251 345 1318 Eorum
364 1252 537 1319 verborum
558 1255 769 1332 conspectum
784 1250 902 1332 quibus
923 1250 1100 1335 apponitur
1123 1250 1305 1319 coniuncti·

126 1377 203 1441 vus,
228 1357 258 1424 is
273 1357 403 1440 quidem
425 1376 467 1425 ex
489 1356 647 1440 parataxi
668 1356 802 1426 duorum
818 1357 1064 1426 enuntiatorum
1080 1361 1172 1424 ortus
1196 1357 1306 1445 (velut

126 1468 235 1535 satias
258 1473 303 1534 esi
324 1466 435 1550 dicas),
459 1463 536 1533 vide
559 1464 646 1547 apud
667 1463 839 1532 Reiterum
861 1485 893 1546 p.
918 1470 1060 1529 41-45.
1097 1463 1306 1564 Quamquam

127 1572 236 1638 multo
266 1571 390 1638 rectius
419 1590 518 1653 quam
548 1572 612 1656 hic,
637 1569 692 1652 qui
714 1570 913 1654 particulam
935 1581 977 1642 at
1004 1570 1197 1647 „omissam“
1228 1589 1306 1638 esse

126 1676 314 1754 existimat,
338 1676 498 1744 eiusmodi
519 1681 724 1746 structmam
747 1675 933 1746 illustravit
949 1677 1102 1746 Schmalz
1119 1677 1175 1761 Sy.
1193 1677 1211 1762 ᾗ
1229 1683 1305 1744 208.

672 1878 692 1956 s
717 1880 769 1942 25.

218 1998 293 2064 Iam
317 1997 358 2064 de
385 1994 589 2066 infinitivi
611 2014 672 2065 usu
695 1997 905 2070 Varroniano
928 2016 1035 2082 pauca
1058 1997 1207 2065 dicenda.

221 2103 302 2171 Gom
334 2107 446 2171 autem
482 2123 548 2172 uon
578 2104 660 2172 adeo
690 2123 830 2190 maguus
868 2105 914 2173 sit
943 2124 1096 2172 numerus
1130 2105 1303 2174 verborum

127 2229 266 2294 quorum
289 2210 325 2278 in
348 2215 519 2278 structura
540 2212 649 2282 Varro
677 2210 842 2294 discrepet
874 2232 895 2278 a
922 2212 1083 2279 communi
1105 2210 1304 2293 scriptorum

129 2318 385 2394 consuetudine,
421 2319 524 2386 verba
559 2336 644 2399 quae
683 2319 893 2386 memoranda
928 2336 1000 2386 esse
1034 2317 1115 2384 mihi
1148 2315 1305 2386 videntur

129 2425 281 2492 breviter
304 2427 503 2493 enumerabo
525 2424 647 2492 omissa
669 2424 895 2506 disputatione
910 2424 970 2492 illa
985 2423 1178 2490 difficillima
1194 2423 1234 2490 de
1254 2421 1303 2489 in·

127 2531 253 2600 finitivi
283 2531 410 2616 origine
439 2550 480 2598 ac
506 2531 639 2613 propria
666 2530 815 2612 notione,
848 2549 920 2598 oum
950 2532 1032 2598 haec
1059 2530 1211 2613 quaestio
1238 2548 1304 2596 uon

128 2642 202 2704 tam
226 2638 269 2705 ad
296 2638 392 2705 unius
413 2638 575 2709 Varronis
602 2656 706 2722 genus
734 2636 864 2705 dicendi
887 2640 1018 2722 spectet
1045 2656 1143 2719 quam
1166 2638 1210 2704 ad
1232 2636 1303 2704 uui·

129 2765 262 2814 versam
285 2744 539 2830 grammaticam
562 2745 709 2812 latinam.

221 2851 400 2920 Ooniunxit
416 2851 521 2936 igitur
536 2853 646 2923 Varro
661 2849 869 2934 infinitivum,
895 2849 1188 2919 commodissimam
1208 2848 1304 2915 nimi·

129 2977 204 3024 rum
239 2957 381 3025 sermoni
415 2957 583 3025 cotidiano
618 2960 821 3024 structuram
845 2955 915 3040 (cfr.
940 2957 1136 3023 Thielmann
1166 2976 1197 3038 p.
1223 2961 1303 3038 4283

131 3062 172 3129 0.
187 3063 333 3149 Rebliug
347 3062 511 3135 ‘Versuch
527 3083 555 3130 c.
573 3062 735 3131 Charakt.
753 3062 782 3130 d.
798 3069 877 3131 rdm.
894 3061 1145 3148 Umgaugsspr.'
1166 3082 1197 3145 p.
1218 3061 1305 3150 15)¹)

132 3189 206 3238 cum
236 3170 348 3240 verbis
383 3169 577 3252 quibusdam
608 3169 672 3255 ita,
707 3176 746 3236 ut
779 3169 871 3236 notio
911 3169 1021 3236 finalis
1060 3169 1091 3236 ei
1129 3168 1225 3245 insit,
1261 3167 1306 3233 ad

133 3296 233 3358 quam
257 3277 502 3359 exprimendam
525 3277 659 3360 probati
689 3281 843 3344 auctores
874 3277 1063 3360 plerumque
1094 3273 1170 3340 aliis
1198 3279 1305 3340 struo·

130 3381 219 3450 tmis
235 3382 286 3452 usi
301 3387 379 3450 sunt
396 3382 481 3466 (sive
497 3382 612 3465 supino
629 3382 700 3450 sive
712 3381 880 3465 particula
894 3387 963 3466 at);
980 3383 1104 3452 velute
1120 3382 1307 3450 ccoieadi

129 3491 234 3557 verbo
258 3491 314 3572 qni
336 3491 459 3576 pendet
482 3489 676 3566 infinitivus,
701 3509 739 3557 eo
763 3489 1043 3572 exprimiturque
1069 3487 1143 3571 quis
1167 3485 1305 3553 consilio

129 3595 260 3663 veniat:
277 3597 380 3682 111,1
397 3595 500 3667 Oura.
520 3644 526 3661 .
545 3642 552 3659 ·
570 3599 671 3666 cisae
682 3600 886 3668 amaremus.
911 3594 1083 3663 Eiusmodi
1099 3600 1306 3663 structuram

223 3827 244 3894 ¹)
263 3827 302 3882 VI
321 3827 355 3883 89
379 3825 512 3897 leguntur
539 3832 670 3894 quattuor
694 3824 825 3880 infinitivi
848 3825 976 3894 deinceps
998 3822 1152 3894 pendentes
1175 3824 1248 3880 alter
1270 3842 1305 3882 ex

135 3912 223 3970 altero
245 3914 395 3971 Cosconius
415 3956 421 3969 .
440 3954 447 3969 .
466 3915 561 3970 scribit
578 3919 738 3986 praetorem
762 3929 907 3968 accensam
925 3912 1032 3968 solitam
1051 3931 1112 3969 esse
1130 3913 1225 3968 tabere
1243 3950 1250 3965 .
1269 3954 1276 3969 .
1296 3952 1303 3968 .

133 4001 283 4058 inclamare
306 4003 403 4060 taram
426 4020 487 4059 esse
512 4005 633 4068 tertiam;
661 4008 690 4058 et
715 4003 756 4057 IX
779 4003 814 4056 43
841 3999 1046 4058 animadvertas
1071 4012 1130 4058 tres
1153 3999 1303 4056 infinitivos

133 4091 256 4158 proxime
279 4092 354 4148 inter
378 4109 408 4148 se
431 4093 537 4162 positos
565 4093 659 4147 dicarat
680 4091 766 4146 simile
789 4091 825 4145 sit
846 4107 932 4145 necne
954 4107 1052 4146 acmen
1075 4089 1179 4145 nomini
1200 4088 1303 4158 impra-

135 4176 230 4234 denter
241 4181 432 4236 Aristarchum
441 4183 607 4253 praecipere
626 4185 753 4251 oporterc
771 4185 897 4251 spectare
915 4196 971 4234 aon
989 4178 1077 4234 solam
1095 4193 1134 4232 ca
1152 4180 1234 4244 recto,
1253 4175 1304 4230 sed

133 4265 212 4322 etiam
240 4286 278 4324 ecc
306 4285 402 4324 coram
428 4271 545 4326 recaredi
572 4287 646 4325 casa.
691 4270 761 4325 Tres
783 4267 913 4324 infinitivi
938 4271 1003 4322 suut
1026 4281 1049 4320 e.
1068 4281 1096 4336 g.
1122 4263 1206 4320 etiam
1230 4264 1303 4334 apud

136 4352 424 4425 Oic.Verr.111,123
443 4358 551 4428 (doceat
568 4374 624 4414 aori
642 4361 770 4428 oportere
781 4373 811 4411 sc
829 4355 859 4410 id
876 4357 972 4409 iurare
989 4351 1158 4423 ttediarcret!
1173 4353 1302 4423 facturos

135 4444 206 4514 estc)
225 4445 272 4501 sed
290 4445 454 4516 pronomina
471 4444 637 4516 interposite
655 4451 728 4502 suut.
