3070 4828
712 177 930 235 ..20-

325 351 444 425 Ι41,4
467 353 564 436 ficos,
592 352 698 419 nmine
720 351 846 437 punico
870 355 899 416 et
921 350 996 417 citis
1019 347 1149 430 (contra
1173 346 1286 413 ecdem
1308 363 1418 414 versu

238 461 421 540 sequuntur
443 458 545 524 verba
563 459 675 544 peine
698 465 727 524 ci
749 477 918 542 cupressus
940 463 969 522 ei
991 457 1085 532 oiec);
1109 454 1185 519 Ios
1208 454 1350 541 pensilia
1374 463 1418 522 nt

236 589 327 650 nuce,
351 566 438 633 non
459 573 488 633 ct
510 566 619 648 sorba·
640 563 700 629 ΠΙ
718 568 790 641 12,2
808 564 960 647 custodio,
981 563 1215 631 incrementum
1237 569 1266 630 ct
1282 564 1416 646 purtim

236 672 270 742 V
294 677 335 735 94
370 674 599 756 Vindenictor,
637 672 813 758 Vestipnicr
846 678 876 738 et
903 671 1058 752 Venatum
1099 667 1158 734 IX
1181 673 1222 730 33
1257 670 1296 737 in
1327 664 1413 754 [ccr-

237 774 345 864 nibns]
370 781 484 863 bonone,
508 780 677 846 hominnm
699 785 728 845 ei
751 800 903 864 eqnornrn
925 784 1065 859 nutura·
1087 772 1240 840 similiter
1262 773 1414 840 fortasse

236 883 339 951 etiam
361 883 395 951 in
419 883 536 967 fragm.
563 882 699 951 devita
722 883 761 948 P.
778 883 818 948 R.
842 883 901 949 ΠΙ
923 913 965 936 =
988 879 1073 947 Non.
1098 899 1129 962 p.
1152 885 1271 966 taem,
1295 899 1413 962 quam·

236 1011 333 1075 quarn
356 993 459 1059 uerba
489 1009 555 1057 non
585 990 718 1074 integra
750 1008 824 1056 esse
855 989 979 1056 elucet:
1005 991 1260 1076 ..faecialespne
1290 990 1414 1074 cipinti

236 1102 293 1184 qni
323 1101 360 1166 de
390 1100 442 1166 tls
472 1101 565 1166 rebns
597 1105 826 1184 cognoscerent,
859 1098 1042 1164 indicerent
1072 1102 1107 1162 et
1138 1101 1324 1179 statuerent,
1351 1090 1411 1181 [ct]

236 1208 482 1275 constituerunt.

326 1309 392 1378 Sed
414 1308 482 1375 iam
504 1307 599 1375 huius
623 1325 780 1374 excursus
808 1307 905 1374 finem
927 1305 1099 1390 faciamus,
1131 1310 1169 1373 ut
1199 1309 1413 1373 revertamur

236 1415 279 1482 ad
303 1416 477 1499 asyndeta.

323 1522 456 1593 Verba
478 1521 602 1589 finita
626 1521 698 1589 dno
719 1521 885 1604 particula
900 1538 965 1587 non
982 1519 1158 1587 coniuncta
1174 1518 1255 1586 dura
1275 1520 1410 1588 ratione

236 1629 363 1712 scripta
378 1629 533 1697 videntur
547 1630 587 1696 H
603 1635 678 1711 2,14
700 1653 772 1698 cnm
791 1652 899 1698 omnes
922 1636 1142 1714 conceperunt,
1158 1651 1277 1696 rnrsne
1292 1629 1411 1697 arieles

172 1741 176 1748 ’
235 1740 429 1822 secernendi,
461 1740 509 1806 ito
537 1740 634 1824 factis
650 1737 884 1823 proepnctibns
906 1737 990 1819 qnod
1019 1744 1098 1804 snnt
1119 1735 1249 1808 molesti,
1282 1735 1408 1804 obsoni.

237 1842 303 1911 Sed
324 1843 392 1909 iam
416 1843 566 1927 Scaliger
588 1862 619 1911 v.
645 1845 759 1912 obsnm
789 1841 891 1907 deleri
920 1841 1091 1922 uoluerat3
1123 1842 1240 1906 contra
1263 1839 1344 1905 Keil
1371 1839 1408 1906 in

235 1949 353 2017 vocula
376 1953 424 2018 iio
447 1949 532 2034 (cum
547 1953 653 2038 sactis,
677 1953 716 2015 ut
731 1947 917 2031 videbatur,
941 1946 1120 2031 iungenda)
1145 1965 1202 2012 sno
1218 1944 1290 2011 iure
1306 1944 1407 2012 offen·

236 2055 315 2122 dens
339 2055 516 2122 substituit
539 2059 606 2125 iun
629 2053 701 2142 (cir.
727 2055 765 2120 Π
790 2060 863 2137 7,12
888 2056 1055 2124 nnnicnlio
1078 2056 1144 2122 inm
1167 2054 1285 2140 factis).
1332 2054 1407 2137 Ego

235 2168 273 2229 ut
298 2162 395 2228 simul
426 2163 612 2246 asyndeton
640 2162 825 2245 tolleretur,
860 2181 918 2244 pro
949 2165 997 2230 lto
1028 2162 1263 2243 exspectabam
1294 2177 1407 2226 vocem

237 2288 301 2350 qua
325 2268 390 2334 tali
411 2269 543 2336 ratione
567 2268 744 2336 enuntiata
767 2267 992 2352 iungerentur,
1021 2271 1059 2332 ut
1083 2285 1184 2333 causa
1215 2265 1408 2333 secernendi

238 2375 363 2441 arietes
386 2375 600 2454 indicaretur,
632 2374 726 2443 velut
750 2378 806 2461 qni
829 2394 856 2442 s.
879 2398 967 2444 nnn.
996 2373 1062 2442 Sed
1085 2373 1289 2440 Ribbeckins
1312 2391 1406 2456 prae-

240 2484 355 2563 ceptor
386 2481 595 2548 doctissimus
627 2481 801 2547 certiorem
831 2479 987 2546 me-iecit
1015 2479 1055 2546 de
1078 2479 1169 2547 vocis
1192 2483 1240 2549 icc
1267 2497 1329 2546 usu
1351 2499 1406 2562 po-

237 2586 402 2653 tissimum
425 2587 593 2666 Plautino,
618 2606 639 2653 a
654 2589 757 2654 Petro
772 2587 912 2671 Langen
929 2585 1113 2672 (‘Beitrltge
1129 2606 1187 2653 zur
1202 2584 1322 2652 Kritik
1341 2585 1406 2652 und

235 2692 429 2777 Erklarung
452 2694 509 2760 des
526 2693 678 2760 Plautus’
695 2715 726 2776 p.
745 2700 805 2758 231
825 2697 908 2776 sqq.)
924 2693 1056 2760 uberius
1071 2693 1251 2771 illustrate,
1277 2711 1339 2773 quo
1355 2691 1406 2758 vis

235 2799 306 2866 eius
340 2802 382 2867 ab
412 2799 515 2883 ipsius
546 2799 734 2883 particulae
764 2824 843 2871 non
873 2798 944 2866 fere
974 2819 1039 2867 non
1070 2799 1202 2868 diversa
1233 2802 1297 2867 est.
1333 2797 1405 2884 Qua

233 2905 368 2973 notione
392 2909 532 2989 accepta
556 2907 712 2990 expedita
737 2909 790 2974 est
813 2906 877 2973 loci
901 2906 1046 2973 offensio.

324 3012 437 3080 Oeteri
467 3013 600 3081 locisseo
624 3013 789 3095 diffemnt,
818 3012 904 3095 quod
931 3014 972 3079 de
996 3012 1213 3080 enuntiatis
1242 3014 1403 3095 duobus,

233 3137 299 3185 non
334 3119 374 3185 de
405 3120 516 3187 verbis
548 3120 669 3204 agitur,
705 3119 799 3187 velut
825 3120 864 3186 H
893 3125 967 3197 7,10
998 3122 1114 3206 Ιααααα
1146 3123 1183 3190 in
1214 3121 1404 3189 etclnlisei

233 3250 345 3296 umore
358 3230 523 3314 prohibere
538 3235 657 3314 oporiet
671 3230 814 3313 innan,
836 3229 947 3297 cinnes
961 3230 1073 3296 holere
1088 3230 1170 3296 celin
1185 3251 1223 3296 nc
1237 3230 1402 3314 fenestras,

234 3342 263 3403 et
287 3338 374 3405 inter
396 3337 544 3422 singulos
567 3359 588 3404 α
607 3339 811 3422 praesepibus
840 3337 1009 3405 intcricere
1032 3336 1199 3422 longurios.
1236 3331 1308 3418 Quo
1334 3332 1403 3398 loco

234 3457 306 3505 cum
335 3439 403 3507 tria
433 3440 493 3506 illa
524 3441 704 3523 dequibus
729 3440 843 3526 agitur
873 3441 959 3507 talia
983 3439 1061 3522 sint,
1093 3443 1131 3505 ut
1163 3438 1303 3521 primum
1333 3457 1404 3504 cum

233 3547 375 3613 secundo
400 3547 526 3614 arctius
554 3550 733 3615 cohaereat
756 3565 854 3630 quam
878 3547 1076 3614 alterutrum
1103 3564 1177 3612 cum
1200 3544 1313 3628 tertio,
1344 3545 1404 3610 hoc

234 3651 337 3718 etiam
360 3653 534 3733 particulis
558 3654 769 3722 correlativis
794 3652 933 3737 exprimi
955 3653 1112 3722 videmus.

323 3755 484 3825 Similiter
518 3760 629 3842 posita
659 3780 724 3827 non
755 3764 808 3827 est
839 3759 1025 3827 coniunctio
1055 3760 1192 3841 1110,5
1225 3761 1265 3828 in
1290 3761 1405 3826 horum

161 3894 163 3901 ·
234 3866 391 3951 emptione
413 3867 490 3933 sciet
504 3868 647 3935 accedere
663 3870 825 3948 peculinm
848 3875 906 3937 nni
929 3869 1042 3952 excipi,
1067 3874 1095 3935 et
1117 3867 1282 3952 siipnlntic
1305 3868 1403 3934 inter·

233 4128 322 4184 stacio
341 4134 368 4184 ct
382 4130 566 4217 popinariis?
591 4130 829 4198 Frequentissima
852 4137 946 4187 eutem
970 4133 1038 4186 haec
1062 4128 1246 4199 coniungendi
1267 4128 1341 4184 ratio
1361 4134 1404 4184 est

234 4217 310 4285 apud
328 4218 493 4286 posterioris
513 4218 616 4274 aetatis
635 4218 799 4289 scriptores;
817 4234 881 4274 nam
893 4225 926 4273 ut
938 4219 971 4274 de
984 4217 1175 4289 grammaticis
1188 4217 1266 4274 uelut
1279 4216 1402 4273 charisio

233 4304 367 4360 Diomede
387 4310 439 4362 etc.
460 4306 543 4376 plane
562 4313 678 4374 taceam,
697 4306 752 4361 iam
770 4306 844 4375 apud
862 4306 990 4361 Tacitum
1015 4306 1085 4361 satis
1104 4320 1186 4376 saepe
1206 4306 1334 4373 occurrit,
1354 4305 1402 4361 cfr.

235 4390 440 4450 (lorber-Greci
456 4394 509 4450 lox.
528 4411 554 4463 p.
573 4397 660 4465 390g.
