3070 4828
750 218 970 278 ..20-

806 388 902 477 516.

357 495 500 563 Prorsus
528 495 672 563 eiusdem
702 515 780 564 usus
808 497 900 566 cuius
928 498 1064 583 Drtger
1091 499 1111 566 Ι
1137 518 1169 582 p.
1195 504 1236 562 92
1265 519 1306 566 ex
1334 499 1448 569 Gellio

270 602 333 669 duo
364 601 513 684 exempla
544 602 698 686 protulit,
728 607 766 668 ut
796 622 855 685 pro
885 603 1046 687 singulari
1076 621 1209 672 numero
1240 607 1448 676 substantivi

269 728 341 777 cum
365 728 498 777 numero
522 708 664 776 ordinali
688 711 724 774 et
746 709 935 791 pronomine
951 729 980 791 q.
999 729 1026 775 e.
1052 714 1187 796 quisque
1209 712 1377 778 coniuncti
1400 715 1446 781 le·

268 821 369 902 gatur
395 817 534 901 pluralis
563 816 681 884 omisso
710 820 843 901 qumque
871 816 1076 901 pronomina,
1113 818 1179 885 ism
1209 819 1296 902 apud
1319 821 1446 891 Varro-

262 924 370 1005 ·nem1)
405 924 587 1007 exemplum
627 922 739 991 inveni
772 924 812 990 Π
840 922 945 1006 praei.
974 928 988 986 1
1024 926 1164 1006 (acaum
1193 930 1241 996 ito
1262 930 1449 999 diviserunt

268 1040 305 1102 at
326 1035 426 1102 neam
448 1036 538 1101 modo
562 1033 672 1101 dicim
694 1034 838 1102 urhunes
859 1055 911 1100 res
933 1041 1143 1119 usurparent,
1172 1036 1306 1120 reliquis
1329 1045 1449 1122 septem

267 1147 304 1209 ut
318 1162 402 1208 reru
417 1141 584 1224 mlereot);
606 1141 706 1209 noum
721 1141 830 1207 diebus
839 1161 975 1210 =norro
990 1159 1113 1223 quoque
1134 1142 1194 1209 die.
1231 1139 1390 1208 (ieterum
1404 1162 1448 1209 ne

268 1245 437 1312 sollemnis
454 1243 583 1324 quidem
600 1242 740 1312 formula
756 1244 851 1311 deest
867 1245 954 1327 apud
969 1246 1167 1325 Varronem
1192 1247 1246 1318 VI
1263 1253 1301 1311 11
1319 1247 1449 1333 legitur

267 1355 380 1436 quinto
402 1371 524 1434 quoque
546 1374 645 1421 oeno.

748 1549 960 1558 ——u

745 1739 874 1824 Caput
897 1741 959 1811 VI.

635 1881 692 1952 De
715 1879 1071 1968 praepositionibus.

805 2042 823 2125 i
850 2047 900 2107 17·
1167 2111 1171 2119 .

489 2169 546 2236 De
577 2165 841 2234 collocatione
872 2165 1223 2249 praepositionum.

353 2293 435 2362 (lum
451 2292 567 2361 Cicero
589 2290 786 2376 praesertim
809 2291 843 2357 in
866 2289 1031 2374 prioribus
1047 2290 1141 2358 libris
1164 2290 1237 2376 (cir.
1254 2289 1333 2359 Act.
1351 2294 1440 2363 Sem.

263 2401 481 2481 Erl.1147;
512 2398 650 2465 Thielm.
683 2418 713 2482 p.
740 2403 820 2478 4253
852 2397 893 2463 de
923 2395 992 2464 (iic.
1027 2396 1179 2478 epistulis
1206 2397 1377 2467 Hofmann
1406 2402 1442 2468 in

264 2506 343 2573 edit.
366 2507 386 2573 Ι
407 2525 438 2589 p.
465 2511 526 2569 215
552 2504 653 2590 extr.)
676 2524 741 2572 non
763 2523 838 2571 raro
861 2502 1139 2587 praepositionem
1163 2505 1285 2572 nomini
1305 2511 1440 2592 postpo-

264 2613 378 2694 suerit,
404 2613 491 2695 apnd
514 2614 697 2681 Varronem
720 2611 772 2678 his
796 2615 927 2678 tantum
950 2610 1031 2677 locis
1054 2615 1130 2693 post
1153 2630 1329 2694 pronomen
1351 2615 1439 2681 rela-

263 2721 368 2788 tivum
391 2718 501 2802 posita
523 2719 662 2803 legitur:

352 2827 425 2898 VH
456 2831 495 2889 31
528 2828 612 2892 extr.
642 2847 739 2910 quum
765 2828 900 2907 murum
933 2826 951 2907 ἓ
981 2830 1021 2889 50
1050 2845 1130 2905 paros
1157 2829 1264 2914 tufum
1294 2823 1366 2893 VH
1396 2833 1436 2892 37

263 2957 343 3017 quoe
362 2942 493 3021 proptor
521 2931 711 3017 (secundum
733 2931 889 3015 Spengeli
910 2930 1221 3013 interpretationem
1245 2951 1341 3014 quam
1364 2953 1440 3016 pro-

262 3042 405 3109 bandam
429 3059 502 3106 esse
526 3037 701 3125 censeo)2);
734 3038 829 3120 148,
855 3044 874 3101 3
898 3058 962 3119 pao
984 3041 1041 3106 sub
1065 3041 1165 3108 latent
1187 3041 1292 3110 herbo

351 3147 466 3230 Atque
490 3149 612 3216 droam
635 3149 669 3211 et
687 3153 821 3233 propter
842 3144 1104 3227 praepositiones
1127 3146 1334 3229 postpositae
1355 3147 1440 3214 nihil

262 3255 430 3340 singulare
457 3254 598 3337 habent,
629 3251 686 3318 cir.
710 3251 851 3318 Klihner
872 3271 904 3334 p.
929 3257 1007 3338 4263
1036 3253 1071 3318 et
1099 3255 1138 3318 ut
1159 3253 1440 3335 praepositionem

261 3366 356 3450 iufra
383 3361 487 3429 etiam
514 3358 590 3426 aliis
617 3358 699 3425 locis
728 3357 904 3426 secundam
938 3359 1048 3425 sedem
1071 3361 1186 3425 tenere
1210 3358 1440 3427 demonstrare

260 3487 325 3536 non
348 3468 525 3552 possimus,
554 3465 643 3532 haud
671 3465 768 3532 dubie
800 3484 880 3532 casu
902 3484 990 3532 mero
1013 3463 1066 3547 fit,
1092 3464 1179 3544 quod
1202 3466 1330 3533 omnino
1353 3467 1440 3533 haee

260 3593 373 3657 praep.
401 3575 506 3640 multo
534 3573 639 3640 minus
667 3571 821 3653 frequens
851 3575 1029 3654 estquam
1051 3569 1130 3638 illae
1162 3572 1257 3655 (eg.
1286 3576 1340 3638 ter
1363 3576 1439 3638 tan-

261 3684 332 3746 tum
361 3679 487 3763 legitur
514 3679 548 3745 in
572 3678 740 3747 Ciceronis
765 3677 883 3764 oratt.)
926 3677 1009 3745 Eius
1034 3681 1145 3743 autem
1168 3678 1438 3763 praepositionis

261 3802 346 3868 quae
373 3784 408 3852 in
436 3790 582 3851 extremo
610 3785 758 3869 exemplo
786 3803 963 3869 pronomen
990 3783 1169 3854 relativum
1192 3783 1353 3868 sequitur,
1378 3804 1438 3852 no·

260 3891 340 3959 mini
363 3890 571 3974 postpositae
592 3910 664 3958 oum
680 3892 822 3959 alterum
839 3892 1022 3974 exemplum
1036 3909 1101 3957 non
1117 3890 1273 3957 videatur
1289 3895 1437 3976 exstare,

260 4037 473 4044 ———-·--

351 4103 373 4172 ¹)
398 4101 539 4172 Usurpato
568 4117 681 4157 numero
711 4103 888 4159 distributive
917 4101 1066 4170 additoque
1090 4102 1143 4156 adi.
1167 4103 1293 4158 omuibus
1321 4103 1440 4172 scripsit

261 4190 382 4244 Plinius:
401 4191 526 4246 omnibus
544 4191 656 4246 tricenis
675 4190 778 4256 dietus,
798 4191 848 4245 etr.
868 4190 957 4245 Krebs
976 4189 1068 4244 Antib.
1089 4190 1162 4246 ὅ801.

353 4277 375 4346 ²)
393 4280 425 4332 ln
444 4284 497 4334 est.
516 4279 550 4335 fr.
565 4281 623 4334 tec
642 4302 677 4324 =
694 4278 762 4333 Non.
782 4294 808 4347 p.
821 4281 909 4345 taam
928 4278 975 4333 ubi
994 4278 1070 4332 codd.
1090 4277 1221 4333 exhibent
1239 4284 1438 4349 quacproptar,

264 4364 399 4418 Bucheler
423 4364 535 4434 scripsit
565 4370 750 4437 quapropter,
780 4365 845 4420 Luc.
865 4365 965 4420 Mtller
988 4381 1022 4420 ex
1044 4365 1148 4422 Haveti
1172 4366 1330 4422 coniectura
1354 4381 1438 4436 quam

257 4454 383 4522 proptor.
