3070 4828
624 212 651 256 ·.
679 169 775 259 ΕΕΕ
766 120 813 260 Ε
858 195 895 207 -

155 378 159 386 -
211 339 246 407 J.
270 339 317 405 Η
349 323 590 423 Submoln‘iu':
580 326 861 441 grammatrpae
861 334 998 402 :latinae
1030 333 1220 417 compendio
1245 339 1299 418 (=
1323 336 1383 404 Iw.

211 443 333 511 Mliller
363 411 668 528 Hui.''‚‘11)rl'i
648 461 744 525 quem
772 440 838 526 ipsi
868 460 968 525 saepe
998 459 1212 518 recurremus,
1247 461 1319 509 cum
1350 445 1386 508 et

213 552 337 618 multas
359 569 413 618 res
436 549 535 635 longe
564 549 688 616 rectius
719 568 817 632 quam
846 548 1005 631 quiante
1028 567 1102 615 eum
1125 548 1293 631 explicare
1317 550 1386 615 stu-

215 657 356 725 duerunt
391 655 588 741 explicuerit
617 658 653 722 et
681 654 785 722 -id
816 654 902 738 quod
932 654 976 721 ad
1006 673 1066 722 nos
1096 654 1314 738 pertinet-
1343 653 1387 722 ad

216 763 379 836 Varronis
402 781 495 831 usum
519 761 712 848 diligentius
734 780 832 844 quam
855 759 906 827 illi
929 761 1145 844 spectauerit.

302 869 397 957 Quae
416 869 452 937 in
466 869 669 954 singulorum
684 869 857 938 verborum
869 886 930 936 usu
941 867 1103 940 Varronis
1119 867 1252 952 propria
1264 867 1385 954 sunt1),

213 977 260 1045 ad
283 996 325 1046 ea
348 975 632 1045 commemoranda
658 974 693 1042 in
721 978 841 1043 neutra
863 979 961 1059 parte
983 975 1172 1059 plerumque
1196 973 1327 1042 occasio
1351 993 1387 1041 se

213 1083 341 1154 offeret.
387 1081 583 1168 speciminis
618 1100 720 1150 causa
746 1100 854 1165 pauca
876 1081 972 1148 huius
995 1081 1126 1166 generis
1147 1081 1183 1148 in
1206 1079 1387 1165 appendice

215 1189 370 1274 adiciam,
393 1192 443 1266 ut,
466 1193 547 1273 quot
569 1206 624 1255 res
647 1205 808 1271 quamque
823 1185 940 1256 uariae
963 1186 998 1255 in
1013 1206 1161 1255 sermone
1178 1186 1386 1260 Varroniano

214 1295 436 1380 explicatione
459 1300 495 1362 et
519 1297 642 1380 egeant
665 1297 701 1362 et
724 1292 846 1379 dignae
868 1292 954 1377 sint,
979 1293 1162 1361 ostendam.
1221 1293 1296 1377 Ipse
1319 1311 1387 1359 ma·

215 1402 335 1472 teriam
359 1400 535 1469 exhamire
558 1400 647 1468 nullo
671 1399 765 1468 modo
785 1398 889 1483 potui.
923 1399 1075 1484 Denique
1090 1399 1125 1468 in
1141 1400 1250 1468 altera
1267 1419 1388 1483 appen-

215 1507 299 1576 dicis
329 1511 427 1592 parte
450 1506 491 1575 de
518 1505 633 1591 paucis
663 1504 745 1575 locis
768 1506 987 1577 Varronianis
1016 1506 1094 1590 quid
1116 1507 1260 1575 seutiam
1281 1507 1387 1591 prola·

216 1619 311 1684 tmus
334 1634 416 1684 sum.

223 1707 224 1710 ¹
306 1721 420 1789 Paene
443 1725 555 1789 autem
570 1721 656 1789 hano
673 1719 982 1788 commentationem
997 1718 1151 1788 adfinem
1171 1719 1389 1803 perduxeram

215 1828 261 1909 (si
273 1826 348 1896 finis
364 1846 438 1896 esse
453 1830 566 1911 potest
581 1827 632 1894 rei
646 1826 883 1911 imperfectae),
901 1846 974 1894 oum
988 1825 1099 1910 prodit
1110 1825 1218 1892 Keilii
1230 1844 1389 1894 commen·

218 1933 335 2018 tarius,
368 1951 431 2016 quo
462 1933 545 2001 adeo
572 1933 678 2001 multa
704 1933 785 2001 milri
811 1937 991 2018 praerepta
1018 1930 1157 2016 cognovi
1185 1935 1223 2000 ut
1250 1933 1390 2017 primum

218 2040 405 2109 dubitarem
428 2058 504 2108 num
526 2040 611 2108 haec
633 2039 762 2108 omuino
784 2039 886 2126 digna
902 2042 1015 2108 essent
1039 2057 1123 2122 quae
1148 2038 1389 2107 emitterentur.

218 2144 285 2214 Sed
299 2165 373 2214 cum
389 2147 496 2214 multa
509 2145 687 2230 reprimere
705 2144 881 2230 debuerim,
906 2146 1067 2229 quaedam
1083 2165 1105 2212 a
1119 2144 1190 2216 viro
1207 2145 1389 2214 clarissimo

217 2252 298 2323 mibi
320 2253 441 2323 relicta
465 2272 539 2322 esse
562 2273 600 2321 eo
623 2253 731 2339 magis
754 2253 892 2338 gaudee.

304 2361 379 2428 Iam
416 2359 607 2444 priusquam
641 2359 699 2426 ad·
718 2358 825 2442 ipsam
855 2377 925 2428 rem
955 2359 1147 2444 aggrediar,
1182 2376 1282 2426 unum
1311 2359 1391 2426 milri
1524 2403 1525 2438 ,

216 2467 410 2534 monendum
442 2469 505 2534 est.
552 2465 643 2554 Quos
673 2464 767 2533 modo
797 2464 935 2536 laudavi
965 2465 1107 2534 Stdnkel
1138 2471 1174 2533 et
1202 2463 1244 2533 A·
1270 2465 1391 2533 Miller
1524 2486 1525 2518 ι

216 2590 275 2640 suo
305 2570 376 2639 iure
407 2571 511 2640 etiam
540 2571 732 2658 fragmenta
762 2571 943 2640 satirarum
965 2577 1212 2655 ceterorumque
1234 2571 1391 2640 librorum

218 2676 460 2762 deperditorum
476 2676 511 2744 in
526 2696 621 2746 usum
636 2683 851 2748 vocaverunt.
879 2677 1028 2746 Plurima
1044 2682 1157 2746 autem
1172 2697 1283 2747 eorum
1306 2697 1391 2764 quae
1524 2761 1525 2774 Ε

217 2803 279 2871 ege
309 2787 521 2853 tractatmus
552 2802 640 2869 sum,
686 2784 839 2868 quoniam
868 2791 962 2854 recte
993 2783 1168 2853 diiudicari
1200 2786 1391 2870 plerumque

217 2894 384 2975 nequeunt
417 2890 483 2958 nisi
511 2889 616 2959 totius
638 2890 704 2959 loci
726 2883 927 2961 sententiae
944 2895 1198 2975 structuraeque
1221 2892 1309 2960 ratio
1332 2893 1391 2960 ha·
1524 2883 1525 2890 ’

216 3000 325 3075 betur,
349 3016 391 3066 ex
414 2996 621 3083 fragmentis,
644 2997 680 3066 in
695 2997 813 3081 quibus
828 2999 900 3082 hoc,
924 2998 1010 3082 quod
1030 3003 1177 3066 extremo
1192 2998 1264 3066 loco
1284 2996 1389 3081 posui,

217 3124 283 3188 nen
312 3103 378 3174 nisi
406 3123 482 3172 raro
512 3102 585 3173 fleri
614 3123 711 3190 posse
742 3108 897 3190 apparet,
929 3122 1037 3189 pauca
1067 3108 1200 3173 tantum
1223 3101 1391 3173 enucleari

217 3211 309 3280 licet.
357 3210 575 3298 Quamobrem
605 3209 677 3295 ipse
707 3210 778 3279 tere
808 3211 907 3296 plane
940 3210 1070 3280 omissis
1105 3209 1302 3296 fragmentis
1333 3228 1391 3279 eos
1524 3233 1525 3242 ¹

221 3317 325 3386 solum
360 3317 417 3401 qui
450 3316 575 3402 integri
610 3321 787 3401 supersunt
832 3317 934 3386 libros
969 3316 1171 3386 adhibendos
1206 3315 1286 3386 mihi
1316 3334 1391 3384 esse
1524 3407 1525 3418 Ε

218 3422 417 3494 existimavi.

306 3617 387 3685 Not.
410 3617 573 3689 Varronis
593 3616 695 3686 libros
711 3618 807 3687 nudis
822 3618 966 3687 numeris
986 3618 1187 3704 significavi:
1212 3618 1335 3687 I-HI
1347 3649 1390 3674 =

197 3742 280 3823 rer.
304 3728 387 3792 ruet.
411 3722 500 3801 libri,
524 3723 785 3797 V-X=libri
809 3723 849 3793 de
871 3725 986 3811 lingua
1008 3726 1069 3793 lat.

222 3867 432 3878 W

249 4012 251 4015 .
310 3951 333 4024 ¹)
351 3949 494 4008 Vocabula
521 3969 538 4010 a
562 3954 687 4010 Varrone
714 3958 764 4010 aut
791 3953 849 4009 eolo
878 3957 929 4009 aut
956 3951 1043 4022 primo
1074 3955 1211 4024 usurpata
1240 3951 1390 4023 diiigenter

220 4039 336 4112 collegit
348 4039 378 4097 L.
392 4039 542 4099 Stdnlrol
555 4041 617 4114 (Dc
629 4041 804 4099 Varroniano
815 4041 961 4099 verborum
973 4041 1156 4110 formationc',
1168 4042 1285 4114 Argent.
1299 4041 1389 4111 1875),

221 4141 301 4198 quem
320 4127 345 4184 si
363 4142 434 4198 quse
452 4129 658 4200 praeterierunt
676 4145 711 4187 ea
729 4129 836 4186 addidit
847 4130 919 4202 Aug
938 4129 1066 4186 lldller
1083 4146 1109 4200 p
1129 4131 1164 4186 63
1183 4145 1242 4199 sqq.
1263 4127 1390 4200 apposito

219 4215 298 4273 brevi
317 4231 412 4274 eorum
430 4217 625 4276 vocabulorum
644 4223 793 4288 conspectu
812 4233 900 4290 „quae
918 4234 980 4275 oum
999 4217 1049 4275 sub
1062 4217 1202 4276 ciceronis
1220 4215 1390 4288 temporibus

220 4304 302 4375 plone
328 4304 453 4363 obsoleta
477 4314 580 4377 assent,
605 4324 623 4364 a
640 4308 765 4366 Varrone
784 4307 945 4365 deliciarum
964 4323 1049 4400 causa
1066 4324 1101 4364 ex
1118 4306 1294 4376 antiquorum
1312 4305 1390 4361 libris

220 4394 482 4488 depromptasuntst‘
